2386 3892
432 203 478 258 VI.
498 204 646 256 sae-010.
972 199 1037 267 349

168 364 388 445 Caelestcmque
411 364 524 427 homini
546 364 744 428 concubuisse
766 363 876 447 pudet,
898 396 933 410 -

54 465 107 516 555
123 453 202 515 Arsit
225 456 304 514 enim
326 471 431 533 magno
454 461 591 534 correpta
613 454 752 535 cupidine
775 455 872 534 regis,
956 506 967 522 ,

168 541 318 620 Caecaque
340 544 371 602 iu
394 542 450 602 boc
472 559 533 603 uno
556 559 615 603 non
638 543 696 604 luit
716 540 767 603 illa
788 542 851 602 viro
875 573 909 585 -

122 629 214 690 Nocte
238 630 356 691 domum
381 646 468 708 parva
491 628 577 690 solita
600 637 646 690 555
667 632 779 691 intrare
802 630 949 693 fenestra:

167 717 249 778 Unde
272 716 454 778 Fenestellae
478 718 597 778 nomina
619 723 705 797 porta
726 725 826 778 tenet.

122 806 207 867 Nunc
230 804 344 885 pudet,
368 812 398 864 et
419 803 515 864 voltus
538 804 682 865 velamine
704 803 781 866 celat
802 811 932 886 amatos,

55 890 805 972 &Mmmmmmw

123 982 167 1042 dn
191 983 283 1059 magis
307 988 352 1041 est
373 996 498 1055 verum,
520 988 588 1060 post
611 979 688 1043 Tulli
711 981 816 1041 lunera
838 978 954 1060 plebem

168 1069 325 1130 Confusam
347 1066 455 1147 placidi
476 1076 572 1130 morte
595 1070 687 1131 luisse
710 1070 807 1131 senis:
994 1135 997 1139 ,

123 1157 184 1217 Ν55
207 1157 312 1217 modus
335 1155 413 1216 51155
437 1165 500 1216 5555
512 1203 521 1236 ,
544 1156 698 1218 crescebat
719 1159 847 1236 imagine
869 1156 985 1237 luctus,

167 1243 266 1304 Donec
289 1261 356 1304 eum
379 1245 483 1323 positis
506 1243 664 1305 occuluere
687 1241 790 1322 togis?

58 1344 110 1394 555
125 1332 225 1393 Tertia
249 1348 336 1393 canosa
359 1331 432 1392 mihi
454 1333 549 1410 spatio
571 1333 682 1393 maiore
705 1330 836 1392 canenda
858 1339 922 1412 est3

166 1419 227 1480 Nos
249 1427 346 1481 tamen
371 1418 514 1481 adductos
535 1420 616 1480 intus
639 1436 760 1499 agemus
782 1436 894 1499 equos.

124 1506 217 1568 Tullia
241 1509 401 1587 coniugio,
424 1506 546 1568 sceleris
569 1506 728 1588 mercede,
750 1515 871 1586 peracto

168 1595 220 1656 llis
244 1594 328 1656 solita
352 1603 398 1656 est
420 1595 507 1656 dictis
530 1593 703 1657 extimulare
727 1597 849 1656 virumr'

126 1680 219 1754 ‘Quid
243 1685 323 1744 iuvat
345 1700 411 1744 esse
434 1700 542 1764 pares,
565 1690 596 1744 te
618 1690 736 1745 nostrae
760 1683 850 1745 coede
874 1684 1004 1764 sororis,

56 1784 109 1834 590
166 1770 272 1850 lleque
296 1773 341 1832 tui
363 1771 486 1851 fratris,
509 1774 535 1832 si
556 1772 604 1851 pia
627 1772 687 1833 vita
707 1767 831 1852 placet?

124 1858 227 1920 Vivere
250 1858 414 1920 debuerant
436 1866 467 1920 55
489 1861 534 1921 515
556 1876 641 1922 meus
664 1868 695 1922 55
715 1868 767 1922 555
790 1860 937 1940 coniunx,

168 1947 200 2007 Si
222 1946 337 2009 nullum
359 1950 461 2009 ausuri
482 1949 578 2010 maius
601 1966 719 2010 eramus
742 1965 834 2028 opus.

123 2033 161 2096 Et
183 2044 271 2115 caput
294 2044 324 2096 et
346 2053 470 2114 regnum
493 2036 569 2098 lacio
592 2036 687 2099 dotale
710 2033 859 2116 parentis!

169 2121 200 2182 Si
221 2124 267 2182 vir
289 2140 345 2200 es,
367 2124 378 2180 i
390 2166 400 2200 ‚
422 2121 515 2183 dirtos
539 2125 623 2201 exigo
645 2124 723 2185 dotis
746 2141 834 2204 opes.

57 2220 108 2272 505
122 2210 213 2289 Regia
236 2226 285 2269 res
309 2204 406 2268 scelus
428 2206 496 2269 esti
528 2224 632 2269 socero
654 2226 727 2288 cape
749 2228 839 2289 regna
862 2217 985 2291 necato,

167 2298 205 2358 Et
228 2304 344 2357 nostras
367 2297 462 2374 patrio
486 2295 628 2374 sanguine
650 2297 753 2375 tingue
776 2292 913 2358 manusl’

124 2384 243 2446 Talibus
266 2385 425 2445 instinctus
448 2382 521 2444 solio
543 2383 676 2462 privatus
698 2384 729 2443 in
752 2382 811 2445 5155

168 2472 312 2533 Sederat.
353 2471 510 2532 attonitum
531 2469 636 2550 uolgus
658 2470 694 2531 ad
717 2487 798 2531 arma
819 2470 899 2533 ruit:

123 2560 198 2621 Hinc
221 2578 333 2637 cruor,
355 2560 425 2619 hinc
447 2557 576 2640 caedes,
597 2559 773 2638 infirmaque
792 2558 921 2620 vincitur
939 2566 1035 2620 aetas:

57 2661 110 2710 500
169 2647 292 2727 Sceptra
314 2663 407 2725 gener
429 2663 533 2707 socero
555 2654 639 2726 rapta
661 2643 817 2725 Superbus
838 2643 944 2708 babet.

122 2737 187 2815 lpse
211 2735 266 2797 sub
289 2733 452 2815 Esquiliis,
474 2733 527 2796 ubi
549 2741 613 2795 erat
634 2751 689 2795 sua
710 2735 814 2816 regio,
836 2750 941 2796 caesus

167 2824 302 2885 Concidit
324 2825 355 2884 in
378 2821 452 2883 durs
474 2821 720 2900 sanguinulentus
741 2820 850 2885 bumo.

124 2905 221 2985 Filia,
241 2916 381 2991 carpento
403 2910 515 2989 patrios
538 2910 648 2971 inituro
670 2918 810 2992 penates,

167 2992 229 3054 lbot
251 3013 305 3073 per
327 2995 438 3059 medias
461 2995 519 3059 alta
540 2996 683 3079 feroxque
705 3000 786 3061 vias.

58 3092 108 3144 505
124 3082 238 3161 Corpus
260 3089 295 3141 ut
316 3086 430 3163 aspexit
441 3132 451 3166 ‚
473 3084 603 3149 lacrimis
625 3088 726 3164 auriga
748 3084 880 3165 profusis
928 3115 931 3120 ·

167 3170 306 3230 Restitit.
346 3171 426 3233 bunc
448 3170 501 3233 tali
522 3174 647 3251 corripit
667 3170 717 3232 1115
739 3188 831 3233 sono:

123 3255 247 3337 ‘Vadis‚
270 3274 307 3317 an
330 3266 467 3339 expectas
489 3261 618 3340 pretium
640 3259 760 3338 pietatis
782 3253 941 3321 marum?

167 3345 251 3424 buc,
274 3347 394 3425 inquam
406 3391 417 3426 ,
438 3348 545 3408 invitas
566 3350 631 3426 ipsa
653 3362 708 3425 per
730 3362 782 3407 ora
804 3340 920 3408 rotasi'

122 3435 207 3495 Certa
231 3433 305 3493 fides
327 3433 417 3494 iacti.
458 3433 556 3495 dictus
579 3432 747 3496 Sceleratus
769 3432 807 3495 ab
828 3432 878 3495 ills

55 3536 107 3586 010
164 3521 388 3602 111555,5555
444 3538 469 3582 ra
491 3537 542 3583 ras
564 3537 598 3582 ea
621 3536 724 3601 pressa
745 3530 833 3585 nota.
