2386 3892
420 197 465 246 xv.
485 198 633 249 too-oco.
962 194 1026 260 299

66 373 97 421 25
114 357 181 419 ‘Sic
205 359 280 439 tibi,
305 376 391 437 quam
414 368 526 436 raptam
551 361 707 439 quereris,
732 361 771 419 sit
793 358 851 418 lilia
875 376 996 438 sospes,

158 447 274 524 Surge,
298 465 352 506 nec
376 449 497 524 exiguae
520 447 638 525 despice
662 455 739 507 tecta
763 441 881 506 casae.'

114 535 167 594 Cui
191 535 244 594 dea
267 530 340 594 ‘duc
355 530 378 594 l’
402 537 499 611 inquit
522 530 643 614 ‘scisti,
666 552 723 613 qua
747 551 853 612 cogere
876 531 1013 615 posses5'

159 622 255 700 Seque
278 622 354 681 levat
377 639 468 700 saxo,
492 621 741 700 subsequiturque
765 640 883 682 senem.

113 710 177 770 Dux
201 712 301 769 comiti
326 717 446 788 narrat,
470 727 557 786 quam
581 711 619 768 sit
642 708 699 768 sibi
721 709 798 769 filius
822 727 925 791 aeger,

66 813 99 859 30
158 798 218 858 Nec
243 799 339 873 capiat
361 814 480 856 somnos
503 796 692 874 invigiletque
716 796 816 856 malis.

114 886 164 945 llla
188 885 401 962 soporiferum,
424 902 529 961 parvos
552 887 660 944 initura
683 892 821 968 penates,

160 972 276 1050 Colligit
298 975 407 1049 agresti
431 971 494 1032 lene
519 990 644 1051 papaver
667 972 775 1032 humo.

115 1061 190 1121 Dum
213 1060 305 1139 legit,
329 1059 419 1119 oblito
444 1061 538 1120 fertur
561 1068 694 1138 gustasse
717 1060 830 1138 palato,

158 1147 346 1226 Longamque
370 1147 541 1225 imprudens
565 1147 727 1208 exsoluisse
750 1148 874 1207 lamam.

68 1249 101 1297 35
118 1237 197 1306 Quae
222 1238 289 1313 quia
312 1237 456 1313 principio
480 1237 579 1312 posuit
601 1237 709 1295 ieiunia
734 1238 847 1309 noctis,

160 1324 289 1401 Tempus
313 1322 422 1382 habent
445 1330 556 1400 mystae
579 1322 676 1399 sidera
699 1324 760 1382 visa
783 1321 858 1382 cibi.

118 1411 219 1470 Limen
243 1420 276 1471 ut
299 1412 438 1487 intravit,
464 1409 562 1469 luctus
585 1409 664 1469 videt
687 1412 784 1469 omnia
806 1409 910 1490 plena,

161 1499 221 1557 lam
244 1516 312 1575 spes
335 1500 365 1557 in
387 1515 481 1576 puero
504 1497 584 1558 nulla
607 1497 708 1557 salutis
732 1504 812 1557 erat.

117 1586 208 1646 Matre
233 1585 355 1645 salutata
378 1617 413 1627 —
436 1593 529 1644 mator
552 1585 694 1645 Metanira
717 1593 837 1645 vocatur
861 1617 894 1626 -

70 1687 104 1734 40
163 1674 288 1751 iungere
313 1674 428 1750 dignata
452 1680 552 1733 astos
576 1673 689 1751 puerile
713 1691 784 1733 suo.

118 1762 213 1821 Pallor
237 1760 317 1840 abit,
342 1760 513 1840 subitasque
536 1761 636 1822 vident
659 1763 689 1821 in
713 1778 837 1840 corpore
861 1762 955 1821 vires,

164 1848 273 1907 Tantus
297 1849 416 1909 caelesti
439 1851 519 1909 venit
541 1849 577 1909 ab
602 1867 653 1910 ore
677 1851 775 1927 vigor.

120 1936 192 1994 Tota
215 1935 319 1995 domus
341 1937 416 1997 laeta
439 1945 505 1997 est:
543 1937 598 1997 hoc
622 1946 688 2017 est,
712 1945 864 2016 materque
888 1943 1031 2015 paterque

162 2023 316 2102 Nataque:
353 2033 415 2084 tres
438 2025 479 2084 illi
503 2033 562 2084 tota
586 2026 670 2085 luere
694 2025 816 2085 domuc.

66 2123 105 2171 ,45
121 2110 187 2169 Mox
211 2111 311 2187 epulas
335 2121 471 2189 ponunt,
493 2112 649 2189 liquefacta
674 2112 793 2190 coagula
815 2112 891 2172 lacte

163 2199 311 2274 Pomaque
335 2200 418 2257 etin
441 2199 517 2256 ceris
541 2215 628 2257 aruea
652 2198 737 2258 mella
760 2201 839 2259 suis.

120 2287 255 2345 Abstinet
278 2284 351 2344 alma
375 2283 464 2344 Ceres
477 2331 486 2363 ‚
510 2286 664 2361 somnique
687 2302 830 2362 papavera
854 2303 956 2345 causas

166 2373 220 2433 Dat
242 2373 295 2432 tibi
319 2390 387 2432 cum
410 2371 509 2449 tepido
532 2370 607 2430 lacte
631 2370 778 2450 bibenda,
801 2389 893 2448 puer.

120 2462 220 2521 Noctis
245 2469 308 2520 erat
330 2460 458 2520 medium
483 2458 648 2537 placidique
673 2458 788 2518 silentia
811 2460 924 2518 somni:

66 2562 106 2610 ,55
166 2548 378 2626 Triptolemum
403 2549 514 2624 gremio
539 2546 659 2608 sustulit
681 2545 730 2605 illa
754 2564 825 2625 suo,

122 2637 238 2715 Terque
262 2655 350 2696 manu
374 2634 530 2714 permulsit
552 2654 642 2715 eum,
666 2637 723 2694 tria
746 2635 874 2694 carmina
898 2632 988 2713 dixit,

166 2725 300 2785 Carmina
324 2724 439 2784 mortali
462 2741 522 2783 non
545 2723 700 2783 reserenda
724 2739 815 2803 sono,

123 2811 215 2888 inque
239 2815 304 2873 loco
328 2830 436 2890 corpus
459 2813 547 2889 pueri
569 2814 683 2871 vivente
708 2810 802 2871 lavilla

168 2897 295 2979 Obruit,
317 2901 478 2960 humanum
501 2906 608 2978 purget
630 2907 664 2960 ut
686 2901 762 2978 ignis
786 2918 879 2960 onus.

66 2996 109 3043 555
125 2982 280 3045 Excutitur
303 3005 405 3048 somno
430 2986 519 3047 stulte
542 2990 590 3066 pia
612 2996 728 3068 mater,
752 2998 782 3049 et
805 3005 906 3048 amens

169 3066 263 3140 ‘Quid
286 3073 357 3133 lacis
372 3070 404 3135 T'
428 3075 590 3156 exclamat,
615 3077 804 3154 membraque
828 3073 864 3134 ab
887 3075 954 3150 igne

669 3165 762 3240 rapit.

125 3246 178 3306 Cui
203 3247 256 3307 dea
280 3242 366 3308 ‘dum
390 3268 448 3311 non
473 3270 504 3312 es
516 3246 543 3329 ,'
567 3250 641 3310 dixit
664 3245 822 3309 ‘scelerata
846 3247 945 3307 luisti:

168 3335 259 3395 lnrita
282 3345 414 3396 materno
438 3347 507 3399 sunt
530 3354 595 3397 mea
618 3337 694 3396 dona
718 3342 816 3396 metu.

126 3422 183 3482 lste
208 3423 327 3500 quidem
350 3424 481 3485 mortalis
505 3426 584 3485 erit:
617 3424 806 3501 sedprimus
829 3422 922 3483 arabit

66 3524 109 3570 360
169 3511 206 3570 Et
230 3520 309 3572 seret
332 3520 363 3572 et
385 3510 463 3571 culta
485 3513 616 3590 praemia
638 3511 722 3572 tollet
744 3506 869 3571 humo.'
