2386 3892
91 191 133 255 28
505 193 677 244 00000000

58 374 88 412 .’
113 367 165 417 2ιο
180 355 275 426 Quem
298 354 389 415 nimio
412 352 479 433 plus
503 362 549 415 est
570 353 732 415 indoluisse
756 353 864 415 semel.

179 442 279 503 Altera
301 460 371 522 pars
395 449 553 522 superest,
579 459 637 519 qua
659 443 740 520 turpi
763 442 893 503 carmine
916 443 1012 504 iactus

179 531 296 609 Arguor
319 529 441 589 obsceni
464 529 568 590 doctor
590 529 745 590 adulterii.

180 616 236 678 Fas
260 635 331 695 ergo
356 626 402 677 est
414 663 423 697 ,
447 616 543 695 aliqua
566 616 703 677 caelestia
725 624 846 696 pectora
868 615 946 697 10111,

180 705 219 765 111
241 713 310 766 0001
333 706 436 766 0011110
459 704 550 765 multa
573 706 687 764 minora
710 701 785 765 tua?

114 791 277 871 210111ου0
301 791 371 852 deos
395 792 568 870 caelumque
591 792 679 852 simul
702 790 827 852 sublime
851 793 947 862 tuenti

181 879 246 940 Nou
269 888 353 940 vacat
375 881 490 958 exiguis
513 879 604 939 rebus
627 880 732 940 adesse
754 878 833 961 lovi,

181 966 223 1027 De
246 975 275 1028 10
298 965 477 1047 pendentem
501 969 543 1027 sic
566 967 637 1028 dum
661 968 865 1045 circumspicis
888 965 1010 1048 orbem,

181 1053 335 1133 Ellugiunt
357 1073 444 1115 curas
467 1055 607 1115 inferiora
631 1050 723 1115 tuas?

183 1141 304 1202 Scilicet
326 1144 444 1220 imperii
465 1144 606 1220 princeps
629 1143 755 1203 statione
778 1141 882 1202 relicta

114 1241 165 1291 220
179 1228 345 1309 imparibus
367 1229 482 1308 legeres
505 1232 635 1290 carmina
658 1229 734 1289 lacta
756 1225 876 1289 modis?

179 1316 245 1377 Nou
268 1335 302 1378 ea
325 1327 355 1378 te
378 1316 470 1377 moles
493 1316 617 1377 Romani
640 1318 767 1377 nominis
790 1324 917 1397 urguet,

179 1404 272 1483 Inque
297 1406 356 1466 tuis
380 1407 492 1465 umeris
515 1413 574 1465 tam
597 1404 660 1465 leve
684 1405 780 1465 fertur
803 1421 898 1485 ouus,

179 1491 308 1554 Lusibus
332 1500 366 1553 ut
388 1495 484 1571 possis
507 1492 662 1553 advertere
685 1508 795 1552 numen
818 1493 945 1573 ineptis,

180 1579 378 1657 Excutiasque
402 1578 496 1639 oculis
519 1581 578 1639 otia
601 1587 702 1639 nostra
724 1580 800 1638 tuis.

115 1667 266 1728 22011000
289 1666 343 1727 tibi
366 1665 515 1726 Pannonia
539 1674 606 1745 est,
634 1684 714 1727 nuuc
735 1665 831 1744 illyris
861 1684 912 1727 ora
936 1665 1073 1727 domanda

181 1754 301 1814 Raetica
324 1771 404 1814 nunc
426 1752 570 1832 praebent
593 1753 776 1832 Thraciaque
799 1771 879 1813 arma
903 1763 1031 1835 metum,

181 1840 267 1902 Nunc
289 1843 365 1919 petit
386 1841 543 1902 Armenius
566 1859 689 1921 pacem,
715 1859 795 1902 nunc
818 1843 944 1920 porrigit
966 1861 1051 1904 arcus

180 1927 309 1989 Parthus
332 1946 424 2007 eques
447 1929 548 1990 timida
572 1939 714 2007 captaque
739 1931 821 2007 signa
844 1947 951 2011 manu3

181 2015 267 2076 Nunc
290 2022 319 2076 te
342 2016 425 2095 prole
450 2025 499 2077 tua
522 2019 659 2078 iuvenem
682 2017 837 2076 Germania
862 2019 969 2098 sentit,

115 2117 166 2166 230
181 2102 319 2181 Bellaque
343 2122 397 2183 pro
421 2122 526 2182 magno
550 2104 674 2165 Caesare
698 2104 804 2165 Caesar
827 2104 906 2185 obit,

180 2191 337 2272 Denique,
360 2193 441 2252 utin
459 2199 560 2273 10010,
584 2200 727 2273 quantum
746 2209 805 2252 000
824 2194 923 2253 extitit
941 2210 1071 2271 umquam

181 2277 334 2358 Corpore,
358 2297 426 2358 pars
449 2278 528 2340 nulla
551 2288 620 2361 est,
643 2298 717 2359 quae
741 2279 841 2361 labet,
863 2282 999 2359 imperii.

179 2364 258 2427 Urbs
281 2384 400 2446 quoque
423 2375 452 2428 te
476 2376 506 2429 ct
528 2367 627 2446 legum
649 2368 739 2429 lassat
761 2366 853 2428 tutela
876 2375 995 2430 tuarum

105 2499 107 2501 -
180 2453 219 2515 Et
240 2472 379 2535 morum,
403 2455 506 2516 similis
529 2474 604 2534 quos
628 2457 712 2535 cupis
735 2472 800 2516 esse
824 2457 902 2536 tuis,

114 2553 165 2604 205
179 2542 240 2603 Nec
263 2542 319 2603 tibi
341 2546 538 2624 contingunt,
562 2561 637 2622 quac
660 2542 798 2621 gentibus
821 2544 879 2604 otia
902 2551 1048 2623 praestas,

180 2629 319 2710 bellaque
342 2649 410 2692 cum
433 2630 534 2691 miultis
556 2633 723 2709 inrequieta
745 2633 842 2709 geris.

69 2744 70 2747 ¹
180 2717 271 2777 Mirer
293 2720 325 2776 in
347 2717 404 2778 hoc
426 2720 518 2795 igitur
541 2725 689 2779 tantarum
712 2718 843 2797 pondere
866 2735 968 2779 rerum

181 2804 222 2865 Te
247 2821 408 2882 numquam
430 2814 548 2866 nostros
571 2801 846 2867 evoluisseiocos?

181 2892 219 2952 At
242 2894 290 2972 si,
313 2892 393 2969 quod
416 2891 553 2973 mallem,
576 2890 700 2954 vacuum
723 2893 777 2954 tibi
790 2893 877 2958 iorte
900 2893 1022 2968 luisset,

114 2991 166 3040 240
177 2978 300 3040 Nullum
323 2978 445 3058 legisses
469 2982 581 3041 crimen
604 2984 634 3042 in
658 2983 728 3041 Arte
753 2998 835 3040 mea.

180 3066 231 3126 llla
255 3066 374 3145 quidem
398 3068 491 3128 iateor
515 3068 620 3130 frontis
642 3086 702 3129 non
726 3087 792 3128 0000
818 3084 937 3128 severae

181 3154 319 3237 Scripta,
343 3173 398 3216 nec
421 3173 437 3214 a
460 3163 541 3217 tanto
564 3158 698 3235 principe
722 3155 808 3234 digna
832 3155 907 3234 legi:

181 3242 246 3303 Non
270 3251 368 3303 tamcu
390 3242 502 3304 idcirco
526 3243 624 3322 legum
648 3246 795 3304 contraria
817 3245 907 3303 iussis

181 3329 257 3391 Sunt
280 3348 314 3391 ca
336 3330 482 3391 Romanas
506 3333 704 3410 erudiuntque
728 3349 839 3392 nurus.

154 3417 284 3496 011000,
307 3417 415 3495 quibus
439 3418 588 3500 scribam,
612 3420 708 3498 possis
731 3418 890 3497 dubitare,
912 3413 1040 3490 libellos,

181 3504 328 3575 Quattuor
350 3505 404 3566 bos
428 3524 531 3566 versus
555 3525 571 3566 e
594 3505 690 3568 tribus
714 3523 791 3567 uuus
814 3504 920 3565 habet:
