2386 3892
90 177 149 242 140
494 177 544 228 EX
561 176 681 230 PONTO

173 340 215 404 tt
234 342 359 402 nimium
378 347 441 421 est,
461 339 554 419 quod,
574 340 683 416 amice,
700 338 795 417 petis.
814 335 996 398 moderatius
1009 344 1073 416 opta

217 427 256 490 Et
279 430 339 490 voti
363 445 472 506 quaeso
496 426 638 488 contrahe
662 426 810 488 relatui.

175 518 268 580 Terra
291 516 379 578 velim
402 517 524 595 propior
546 514 679 593 nullique
701 512 828 575 obnoxia
851 511 928 575 bello

219 605 335 686 Detur;
358 612 422 666 erat
445 605 556 667 nostris
578 621 647 682 pars
670 601 747 664 bona
770 601 889 681 dempta
910 601 1011 664 malis.

529 795 645 868 VIIII.

176 957 257 1029 Quae
281 957 354 1018 mihi
377 956 413 1017 de
436 963 520 1034 rapto
544 963 595 1017 tua
618 955 699 1015 venit
721 952 846 1033 epistola
868 951 970 1035 Celso,

220 1045 361 1105 Protinus
384 1050 430 1105 est
452 1043 581 1104 lacrimis
605 1041 704 1104 umida
726 1042 803 1103 iacta
826 1042 918 1103 meis.

178 1132 322 1211 Quodque
345 1132 428 1192 nefas
452 1130 556 1210 dictu,
579 1131 646 1191 lieri
668 1147 724 1192 nec
746 1145 834 1209 posse
857 1131 974 1210 putavi,

222 1221 325 1282 invitis
348 1218 442 1281 oculis
465 1218 563 1280 littera
585 1219 661 1280 lecta
684 1226 735 1279 tua
758 1225 820 1279 est.

146 1309 237 1371 oNec
261 1311 419 1389 quicquam
443 1307 478 1368 ad
501 1315 619 1368 nostras
640 1307 777 1387 pervenit
799 1305 937 1367 acerbius
959 1323 1040 1366 aures

222 1396 260 1458 Ut
283 1414 386 1458 sumus
409 1398 440 1458 in
463 1394 580 1476 Ponto,
603 1396 833 1474 perveniatque,
860 1411 983 1473 precor.

178 1486 253 1547 Ante
276 1502 359 1545 meos
382 1483 484 1546 oculos
508 1490 657 1562 tamquam
679 1483 845 1562 praesentis
867 1484 963 1562 imago

222 1573 353 1653 llaeret,
376 1580 406 1634 et
429 1573 592 1633 extinctum
615 1572 714 1632 vivere
736 1571 821 1649 lingit
843 1587 943 1632 amor.

179 1661 272 1740 Saepe
296 1659 389 1720 refert
412 1661 527 1719 animus
550 1658 634 1721 lusus
657 1660 799 1739 gravitate
823 1666 975 1738 carentes,
1038 1671 1041 1675 ’

130 1760 164 1812 10
223 1747 307 1809 Seria
330 1765 398 1808 carm
421 1746 532 1826 liquida
555 1765 643 1826 saepe
666 1755 784 1826 peracta
807 1745 882 1808 lide.

178 1835 263 1897 Nulla
287 1843 383 1896 tamen
408 1834 538 1896 subeunt
560 1834 632 1896 mihi
654 1845 787 1914 tempora
811 1834 932 1896 densius
953 1832 1025 1914 illis,

223 1923 304 1994 Quae
328 1923 432 1984 vellem
455 1925 532 1984 vitae
554 1941 669 1984 summa
692 1923 784 1984 luisse
807 1940 908 2003 meae,

179 2011 253 2072 Cum
277 2011 381 2072 domus
404 2013 517 2090 ingenti
540 2009 638 2072 subito
661 2029 725 2072 mea
748 2011 829 2090 lapsa
852 2012 938 2072 ruina
1046 2018 1078 2070 (ιιι

223 2098 359 2160 Concidit
381 2101 411 2160 in
435 2097 548 2159 domini
570 2098 789 2178 procubuitque
812 2106 919 2178 caput.

133 2196 165 2247 15
179 2187 271 2248 Aliuit
294 2186 342 2247 ille
365 2186 437 2247 milri
450 2233 459 2266 ,
482 2204 550 2248 cum
573 2204 620 2248 me
643 2203 712 2266 pars
735 2203 839 2265 magna
862 2186 998 2266 reliquit,

223 2273 368 2336 Maxime}
402 2275 539 2336 fortunae
562 2292 617 2335 nec
641 2275 698 2336 luit
719 2275 783 2353 ipse
807 2292 924 2336 comes.

91 2381 94 2386 ·
178 2360 264 2424 lllum
288 2380 341 2441 ego
365 2379 425 2424 non
449 2362 533 2424 aliter
557 2361 676 2424 llantem
699 2379 764 2423 mea
787 2362 891 2424 lunera
915 2361 990 2437 vidi,

222 2451 381 2513 Ponendus
405 2470 493 2530 quam
517 2453 543 2512 si
565 2451 656 2512 irater
679 2451 711 2511 in
734 2452 802 2530 igne
826 2450 921 2513 ioret.

178 2538 281 2602 Haesit
303 2542 334 2602 in
358 2540 494 2618 amplexu
518 2539 746 2617 consolatusque
768 2540 915 2600 iacentem
939 2547 999 2617 est,

129 2638 164 2690 20
223 2628 357 2708 Cumque
381 2630 454 2689 meis
477 2627 607 2688 lacrimis
629 2628 748 2689 miscuit
771 2643 867 2706 usquc
890 2645 976 2689 suas.

178 2713 221 2776 Ol
245 2718 383 2795 quotiens
405 2717 482 2777 vitae
505 2723 607 2776 custos
629 2717 742 2776 invisus
766 2731 881 2776 amarae

223 2802 376 2864 Continuit
398 2811 551 2882 promptas
573 2805 605 2864 in
629 2821 692 2865 mea
717 2803 774 2866 lata
798 2800 921 2864 manual

178 2889 221 2952 Ol
245 2891 383 2969 quotiens
406 2891 480 2951 dixit
503 2886 664 2995 ‘placabilis
686 2894 730 2952 ira
754 2892 878 2952 deorum
902 2899 964 2953 est:

222 2976 314 3058 Vive,
337 2995 392 3040 nec
415 2979 528 3057 ignosci
550 2986 583 3041 tu
607 2980 660 3041 tibi
682 2997 769 3059 posse
793 2973 888 3058 nega?

130 3079 164 3130 25
178 3065 254 3128 Vox
266 3075 363 3127 tamen
388 3065 437 3127 illa
460 3066 516 3127 luit
539 3065 753 3147 celeberrima,
781 3062 932 3148 respice,
954 3072 1078 3146 quantun

223 3153 336 3216 Debeat
359 3153 499 3216 auxilium
521 3155 665 3216 Maximus
688 3173 754 3216 esse
778 3153 850 3217 tibi.

179 3243 323 3306 Maximus
347 3241 521 3324 incumbet,
544 3261 662 3323 quaque
685 3250 731 3305 est
754 3245 886 3347 pietate,
909 3241 1037 3323 rogabit,

222 3332 266 3393 lle
290 3334 329 3393 sit
351 3331 393 3392 ad·
411 3338 576 3393 extremum
600 3330 764 3393 Caesaris
755 3349 800 3393 rra
823 3339 929 3393 tenax:

180 3418 312 3498 Cumque
336 3422 399 3481 suis
422 3419 523 3481 fratris
546 3421 624 3481 vires
647 3418 821 3500 adhibebit,
843 3429 874 3482 et
897 3436 1026 3494 omnem,

131 3518 165 3568 30
224 3505 289 3576 Quo
312 3506 407 3569 levius
431 3507 552 3588 doleas,
577 3509 746 3587 experietur
768 3525 856 3588 opem
867 3503 886 3570 .'
