2386 3892
91 189 157 254 350
273 162 276 167 ’
500 188 692 241 rnsronuu

180 353 251 414 Post
275 361 371 414 tamen
395 353 452 413 hoc
475 370 546 412 ausa
569 360 616 414 est
638 349 799 432 templum,
821 352 999 412 monimenta

725 441 874 520 parentis,

224 528 378 606 Tangere.
420 530 494 588 mira
519 527 659 607 quidem,
686 526 739 588 sed
762 533 861 587 tamem
888 534 953 588 acto
975 526 1083 606 loquar.

182 616 304 695 Signum
328 624 392 678 erat
413 618 444 676 in
469 616 542 676 solio
565 614 700 676 residens
723 613 778 676 sub
801 615 929 694 imagine
951 614 1042 696 Tulli;

223 704 338 765 Dicitur
361 705 417 764 boo
440 703 535 765 oculis
557 705 732 783 opposuisse
755 718 896 783 manum,

115 805 166 854 615
180 792 219 853 Et
241 810 297 852 vox
319 791 419 853 auditu
442 799 489 853 est
511 786 623 853 ‘voltus
646 789 817 867 abscondite
840 799 976 872 nostros,

224 879 268 942 Ne
291 887 375 941 natae
398 880 517 942 videant
539 896 590 940 ora
614 879 739 940 nefando
761 873 878 940 meael'

181 967 267 1029 Veste
292 968 358 1028 data
380 970 512 1046 tegitur.
554 974 632 1028 vetat
654 968 731 1028 hanc
753 965 885 1029 Fortuna
907 967 1033 1046 moveri,

224 1055 262 1116 Et
285 1057 328 1116 sic
351 1073 367 1116 e
391 1054 501 1134 templo
525 1062 570 1115 est
592 1057 656 1135 ipsa
678 1055 778 1116 locuta
800 1072 873 1116 suo:

181 1139 258 1204 ‘Ore
282 1141 410 1203 revelato
434 1160 492 1221 qua
515 1145 644 1223 primum
665 1141 733 1205 lucc
755 1140 868 1221 patebit

116 1244 166 1293 620
227 1231 370 1311 Servius,
391 1231 463 1291 baec
487 1232 575 1311 positi
598 1231 693 1311 prima
715 1230 839 1310 pudoris
861 1223 953 1291 crit?

181 1319 320 1399 Parcite,
344 1325 517 1399 matronae,
539 1321 644 1380 vetitas
667 1320 812 1397 attingere
835 1323 951 1396 restes3

227 1406 368 1468 Sollemni
390 1409 462 1468 satis
485 1414 531 1468 est
553 1424 624 1467 voce
648 1424 767 1467 morere
790 1422 914 1485 preces.

184 1494 287 1574 Sitque
311 1502 400 1574 caput
422 1512 539 1574 semper
562 1493 692 1556 Romano
716 1501 813 1554 tectus
836 1495 967 1572 amictu,
1001 1512 1005 1517 ·

227 1583 285 1654 Qui
307 1600 360 1643 rex
383 1585 414 1644 in
437 1591 540 1643 nostra
563 1585 706 1662 septimus
728 1581 808 1650 Urbe
831 1581 905 1642 luit.

117 1683 168 1731 625
183 1671 304 1732 urserat
326 1670 383 1731 hoc
406 1670 571 1750 templum.
611 1672 696 1748 signo
718 1677 817 1730 tamon
839 1668 890 1729 ille
913 1668 1043 1748 pepercit

226 1758 328 1836 lgnis3
353 1776 439 1837 opem
463 1765 530 1819 nato
553 1756 697 1819 Mulciber
719 1759 782 1837 ipse
805 1755 891 1818 tulit.

182 1843 315 1923 Namque
338 1854 421 1924 pater
445 1844 522 1907 Tulli
546 1844 713 1926 Volcanus,
736 1844 859 1907 Ocrcsla
880 1851 977 1906 mater

226 1932 394 2011 Praesignis
418 1933 491 1993 facie
515 1932 709 1995 Corniculana
731 1934 805 1995 luit.

182 2017 265 2081 Hanc
288 2037 389 2080 secum
413 2018 578 2102 Tanaquil,
601 2024 694 2082 sacris
717 2020 754 2081 de
776 2037 860 2082 more
881 2021 1027 2100 paractis,

117 2120 168 2170 630
227 2107 317 2168 lussit
339 2109 370 2168 in
393 2115 531 2170 ornatum
553 2109 678 2171 sundere
701 2111 767 2170 vina
790 2109 907 2170 iocum.

182 2194 236 2256 llic
259 2197 337 2256 inter
361 2197 476 2257 cineres
499 2196 621 2258 obsceni
644 2198 737 2257 forma
759 2195 852 2257 virilis

226 2284 285 2346 but
307 2285 384 2366 luit,
407 2294 459 2346 aut
481 2287 542 2346 visa
565 2293 632 2346 est:
665 2284 717 2345 sed
740 2283 797 2346 fuit
818 2282 867 2344 illa
890 2284 1000 2362 magis.

182 2371 265 2433 lussa
288 2371 352 2433 loco
376 2374 489 2452 captiva
512 2372 617 2433 sedet.
658 2379 820 2452 conceptus
843 2370 879 2432 ab
902 2370 953 2431 illa

228 2459 348 2520 Servius
372 2479 389 2520 a
412 2459 491 2522 caelo
515 2462 626 2521 semina
650 2462 747 2538 gentis
768 2457 874 2520 habet.

117 2547 273 2626 consigna
296 2549 377 2609 dedit
400 2550 516 2628 genitor
538 2555 631 2628 tuno,
655 2565 724 2608 cum
746 2555 836 2627 caput
856 2549 925 2626 igne
950 2562 1071 2609 corusco

228 2636 379 2717 Contigit,
401 2639 491 2714 inque
515 2637 607 2696 comis
629 2635 783 2697 flammeus
805 2636 880 2696 arsit
902 2652 995 2714 apex.

183 2724 224 2784 Te
249 2741 366 2802 quoque
390 2724 565 2804 magnilica,
588 2722 773 2802 Concordia,
796 2721 913 2783 dedicat
936 2722 1010 2784 aede

227 2810 329 2890 Livia,
353 2829 440 2890 quam
464 2830 532 2873 caro
555 2813 703 2890 praestitit
725 2812 788 2890 ipsa
811 2811 893 2871 viro.

184 2898 270 2958 Disce
294 2906 415 2979 tamen,
438 2901 559 2960 veniens
581 2906 685 2979 aetas,
708 2898 760 2959 ubi
781 2896 864 2958 Livia
887 2915 971 2959 nunc
993 2905 1039 2961 est

119 3000 169 3049 640
228 2985 388 3065 PorticuS‚
411 2987 571 3047 immensae
595 2995 672 3047 tecta
695 2987 786 3046 luisse
809 2984 934 3046 domus.

184 3074 272 3135 Urbis
295 3091 370 3153 opus
394 3073 499 3134 domus
521 3092 581 3134 una
603 3076 681 3154 luit,
704 3075 891 3153 spatiumque
914 3071 1054 3153 tenebat,

230 3162 294 3233 Quo
317 3162 438 3223 brevius
460 3164 554 3223 muris
578 3161 684 3243 oppida
708 3159 799 3222 multa
821 3168 944 3222 tenent.

184 3250 263 3310 llaec
285 3258 408 3329 aequata
433 3248 495 3310 solo
520 3258 565 3312 est
577 3296 587 3330 ‚
610 3249 690 3311 nullo
713 3247 769 3310 sub
793 3248 919 3309 ommino
941 3249 1047 3330 regni,

230 3336 288 3398 Sed
312 3341 380 3416 quia
403 3337 519 3398 luxuria
541 3339 603 3398 visa
625 3355 733 3399 nocere
756 3353 826 3399 sua.

120 3437 169 3485 645
186 3424 335 3487 Sustinuit
357 3433 453 3486 tantas
476 3443 599 3505 operum
624 3424 804 3486 subvertere·
818 3421 931 3505 moles,

229 3511 345 3590 Totque
369 3531 437 3574 suas
460 3512 548 3574 heres
571 3513 696 3592 perdere
719 3511 826 3573 Caesar
848 3528 942 3592 opas.
