2386 3892
90 193 155 259 150
494 195 543 244 rex
561 193 681 246 rouro

179 359 244 430 Quo
268 358 386 418 iortuna
410 359 502 435 magis
525 357 640 437 saevit,
661 358 755 434 magis
778 358 842 435 ipse
865 357 999 437 resistis,

221 445 319 524 thue
343 446 429 506 decet
441 491 451 524 ,
473 462 511 505 ne
534 451 563 505 te
586 445 692 505 vicerit
713 443 784 525 illa,
807 462 911 524 caves,

178 533 216 595 Et
238 533 314 595 bene
337 535 381 594 uti
404 550 541 613 pugnes,
563 531 640 593 benc
661 536 798 612 pugnans
820 532 913 593 ellicit
934 531 1043 594 hostis.

224 622 273 682 Sic
298 621 400 682 eadem
422 621 546 700 prodest
568 637 657 682 causa
679 628 828 700 nocetque
851 619 943 682 mihi.

131 723 164 773 55
180 710 299 771 Scilicet
321 709 497 788 indignum,
520 711 634 769 iuvenis
657 710 830 789 rarissime,
853 708 939 770 ducis

223 798 266 859 Te
289 799 355 858 lieri
377 800 515 859 comitem
539 799 645 858 stantis
666 798 698 857 in
721 796 793 857 orbe
816 797 907 858 deae.

179 886 298 947 Firmus
322 904 376 966 es,
399 896 430 946 et
452 886 591 964 quoniam
614 901 673 945 non
697 892 846 965 semea,
870 883 968 963 qualia
990 881 1082 963 velles,

223 974 293 1034 Vela
316 977 395 1052 regis
419 991 542 1051 quassae
566 973 789 1053 qualiacumque
813 973 904 1034 ratis.

181 1062 321 1140 Quaeque
345 1064 385 1122 ita
408 1079 553 1122 concussa
576 1069 644 1140 est,
667 1063 781 1122 utiam
805 1077 911 1122 casura
933 1068 1062 1141 putetur,

133 1164 167 1214 60
225 1151 328 1211 Restat
351 1149 446 1211 adhuc
469 1152 581 1210 umeris
603 1148 676 1210 lulta
699 1150 785 1210 ruina
808 1151 886 1210 tuis.

182 1238 229 1299 lra
252 1236 371 1318 quidem
394 1239 491 1317 primo
515 1237 611 1299 iuerat
634 1245 684 1298 tua
707 1239 807 1317 iusta,
830 1254 887 1298 nec
909 1238 975 1316 ipso
1049 1248 1080 1297 tto

224 1325 356 1407 Lenior,
380 1327 510 1387 ollensus
534 1329 585 1404 qui
608 1325 682 1386 mihi
703 1327 768 1386 iure
791 1325 868 1387 fuit.

181 1417 299 1493 Quique
322 1413 407 1475 dolor
428 1423 533 1494 pectus
557 1415 703 1492 tetigisset
726 1413 860 1475 Caesaris
883 1412 953 1493 alti,

224 1502 310 1564 lllum
332 1502 451 1564 iurabas
473 1504 610 1581 protinus
634 1519 700 1562 esse
723 1510 826 1563 tuum.

133 1604 166 1654 65
181 1591 220 1652 Ut
241 1601 341 1651 tamen
364 1590 463 1651 audita
485 1600 531 1650 est
554 1597 673 1650 nostrae
695 1589 751 1651 tibi
774 1589 865 1650 cladis
889 1590 991 1670 origo,

224 1677 339 1739 Diceris
361 1681 467 1738 erratis
489 1680 668 1757 ingemuisse
691 1680 785 1740 meis.

182 1766 258 1827 Tum
282 1772 333 1826 tua
355 1783 402 1825 me
425 1767 554 1844 primum
578 1764 667 1826 solari
689 1765 788 1827 littera
811 1767 911 1843 coepit

225 1852 263 1914 Et
285 1853 397 1914 laesum
420 1852 501 1915 llecti
524 1872 606 1933 spem
629 1854 699 1915 dare
722 1871 810 1933 posse
833 1854 941 1915 deum.

163 1941 272 2013 ‚lllovit
294 1943 438 2002 amicitiae
461 1950 525 2002 tum
547 1953 577 2001 te
601 1944 765 2003 constantia
787 1942 909 2021 longae,

135 2044 168 2092 ‘10
227 2031 302 2089 Ante
327 2037 394 2091 tuos
417 2037 501 2091 ortus
525 2048 599 2109 quae
624 2029 696 2091 mihi
720 2038 824 2108 coepta
847 2030 920 2110 luit,

182 2116 220 2177 Et
244 2116 323 2194 quod
346 2135 411 2178 eras
435 2117 499 2179 aliis
522 2119 640 2196 lactus,
663 2118 735 2179 mihi
758 2126 845 2179 natus
869 2119 997 2197 amicus,

227 2204 372 2284 Quodque
396 2204 451 2266 tibi
473 2207 503 2265 in
527 2207 612 2267 cunis
636 2205 736 2267 oscula
759 2207 855 2285 prima
878 2204 964 2267 dedi.

182 2292 267 2363 Quod
294 2311 363 2354 cum
391 2302 489 2354 vestra
512 2293 617 2355 domus
644 2295 756 2355 teneris
779 2293 852 2354 mihi
879 2310 996 2374 semper
1016 2289 1046 2351 ab

729 2398 814 2442 anms

227 2470 311 2531 Culta
334 2471 395 2548 sit,
418 2487 484 2531 esse
508 2478 592 2530 vetus
616 2486 662 2529 me
685 2468 740 2530 tihi
764 2470 843 2547 cogit
865 2487 959 2530 onus.

135 2571 169 2620 55
183 2557 229 2619 ote
253 2566 324 2619 tuus
346 2558 394 2619 ille
418 2565 523 2637 pater,
540 2557 647 2617 latiae
670 2556 807 2618 iacundia
828 2556 965 2639 linguae,

229 2647 311 2717 Quae
334 2664 393 2707 non
416 2646 540 2706 inferior
563 2644 714 2706 nobilitate
738 2645 812 2724 luit,

183 2734 323 2814 Primus,
348 2742 382 2794 ut
404 2733 545 2795 auderem
568 2735 753 2794 committere
776 2735 908 2794 carmina
931 2732 1035 2807 lamae,

228 2820 369 2898 Impulit.
409 2823 520 2900 ingenii
542 2821 603 2882 dux
626 2822 683 2882 luit
704 2820 754 2882 illc
777 2823 854 2882 mei.

183 2908 267 2985 Nec,
291 2926 351 2986 quo
374 2911 413 2969 sit
435 2912 564 2988 primum
587 2908 673 2970 nobis
696 2928 712 2968 a
735 2917 870 2988 tempore
893 2908 1005 2990 cultus,

136 3010 170 3058 80
229 2995 382 3057 Contendo
406 2997 528 3057 tratrem
551 3015 638 3076 posse
661 2996 776 3058 referre
799 3003 903 3059 tuum.

183 3085 225 3145 'l'e
249 3092 347 3145 tamen
371 3093 438 3145 ante
462 3088 557 3146 omnis
580 3088 620 3147 ita
643 3103 709 3146 sum
732 3084 917 3165 conplexus,
939 3092 973 3146 ut
993 3091 1057 3144 unus

228 3172 367 3244 Quolibet
390 3175 421 3233 in
445 3191 514 3234 casu
539 3176 631 3252 gratia
654 3182 755 3234 nostra
777 3173 876 3236 fores.

183 3261 290 3323 Ultima
313 3280 360 3322 me
384 3271 483 3323 tecum
506 3261 578 3322 vidit
601 3264 781 3340 maestisque
804 3261 945 3322 cadentes
1042 3253 1076 3309 (⁴⁸¹

228 3349 353 3428 Excepit
376 3350 509 3412 lacrimas
532 3349 663 3411 Aethalis
685 3350 744 3410 llva
767 3351 872 3428 genis:

137 3447 170 3496 85
185 3436 259 3498 Cum
282 3437 335 3499 tibi
359 3439 535 3519 quaerenti,
558 3456 630 3500 num
652 3455 741 3498 verus
764 3439 888 3499 nuntius
912 3442 1002 3512 esset,
1059 3511 1061 3516 .

228 3524 376 3587 Attulerat
398 3525 500 3607 culpae
524 3544 613 3605 quem
635 3525 710 3587 mala
734 3525 809 3586 lama
833 3544 933 3606 meae,
