2386 3892
421 187 456 239 II.
476 189 624 242 tta—20⁵4

157 350 297 411 Pronum
319 349 429 410 indicio
451 349 593 429 penderis
614 351 679 429 ipsa
701 351 765 412 sui.

114 438 169 500 Cui
191 438 246 499 dea
270 433 456 518 tvirgineos,
477 439 598 517 periura
620 436 770 518 Lycaoni,
792 447 896 500 saetas

157 526 288 606 Desere,
311 543 366 586 nee
390 533 485 586 castas
507 521 621 605 poliue'
645 526 719 586 dixit
741 521 881 606 ‘aquas'

67 628 100 678 τὸ
115 614 198 675 Luna
221 631 328 675 nevum
351 613 451 673 decies
474 612 611 691 implerat
633 613 775 676 coraibus
797 613 918 677 orbems

158 702 239 773 Quae
262 703 360 762 iuerat
382 703 463 780 virge
487 701 621 781 eredita,
645 710 739 763 mater
761 710 843 764 erat.

114 791 205 851 Laesa
229 790 300 850 lurit
322 787 419 870 lune,
441 789 565 849 lermam
589 797 742 868 mutatque
764 790 895 870 puellae.

159 878 234 949 Quid
258 874 360 938 iacis?
392 878 484 937 invite
507 885 553 938 est
575 885 696 957 pectore
718 895 804 958 passa
826 877 941 940 levem.

113 965 211 1044 thue
235 966 313 1026 lerae
336 964 408 1025 vidit
431 972 534 1044 turpes
556 967 587 1026 in
610 965 721 1045 paelice
744 965 858 1048 voltus,
983 977 1029 1031 (⁴¹)

66 1067 100 1116 99
160 1051 271 1114 ‘Huius
293 1055 324 1114 in
344 1052 495 1132 ampiexus
517 1049 665 1133 luppiter’
688 1056 786 1134 inquit
808 1049 903 1116 ‘aab'

114 1141 187 1202 Ursa
210 1160 264 1221 per
286 1141 415 1202 incultos
436 1139 555 1202 errabat
577 1141 709 1221 squalida
731 1150 866 1226 montes,

159 1229 239 1299 Quae
263 1230 359 1290 luerat
381 1246 496 1290 summe
519 1247 616 1308 nuper
638 1239 733 1292 amata
753 1230 831 1292 lori.

114 1316 173 1379 lam
196 1320 253 1378 tria
275 1317 367 1378 lustra
390 1335 465 1396 puer
488 1317 568 1379 iurto
591 1326 753 1398 conceptus
775 1317 895 1400 agebat,

158 1406 230 1466 Cum
254 1414 349 1466 mater
371 1414 439 1467 nate
462 1415 509 1466 est
531 1405 615 1467 ebria
637 1406 715 1467 iacta
736 1424 809 1467 suo.

66 1505 99 1556 85
113 1493 164 1553 iiia
188 1493 329 1574 quidem,
352 1499 501 1572 tamquam
523 1502 717 1573 cognesceret
729 1541 739 1575 ,
761 1493 874 1555 adstitit
895 1510 1014 1575 amens,

157 1581 196 1642 Et
219 1584 351 1660 gemuit:
375 1584 502 1660 gemitus
524 1581 614 1643 rerba
636 1583 768 1662 parentis
789 1590 892 1644 erent.

113 1669 195 1730 Hane
218 1688 293 1749 puer
315 1673 436 1749 ignarus
459 1669 554 1732 ieeule
576 1671 690 1731 fixisset
712 1677 816 1751 acuto,

157 1757 194 1818 Ni
217 1759 294 1818 ieret
316 1760 347 1819 in
370 1775 493 1837 superas
515 1765 618 1838 raptus
641 1765 769 1838 uterque
791 1758 910 1821 damas.

115 1844 205 1924 Signa
226 1847 393 1925 propinqua
415 1847 546 1908 micant:
577 1848 661 1926 prior
681 1852 750 1929 eat,
773 1864 861 1927 quam
884 1845 1011 1908 dicimus

658 1933 786 2016 Areten,

66 2033 100 2083 9ο
158 2019 354 2101 Arctophylax
377 2022 502 2082 formem
524 2029 606 2102 terga
629 2025 782 2102 sequentis
803 2020 909 2084 babet.

114 2108 212 2170 Saevit
235 2109 352 2190 adhue,
376 2126 538 2189 canamque
562 2117 647 2194 rogat
669 2110 807 2172 Saturnia
828 2108 963 2191 Tethyn,

157 2196 327 2257 Maenaliam
351 2199 437 2258 tactis
460 2215 498 2258 ne
521 2196 598 2260 lavet
618 2198 729 2260 Arcton
752 2200 854 2278 aquis.

376 2333 426 2400 13.
453 2333 483 2398 D
506 2330 665 2399 EID·N²

113 2457 214 2519 idibus
237 2461 362 2538 agrestis
385 2460 499 2521 lumeni
521 2459 623 2521 alteria
645 2457 738 2521 Fauni

157 2546 234 2627 iiie,
257 2547 309 2608 ubi
331 2547 474 2609 discretas
496 2546 592 2609 insuia
615 2548 727 2626 rumpit
749 2562 857 2626 eques.

66 2648 99 2696 95
114 2634 193 2694 Haec
218 2635 273 2696 luit
295 2635 344 2696 iiia
368 2636 455 2712 dies,
477 2638 508 2697 in
532 2654 590 2716 qua
612 2632 784 2696 Veientibus
807 2635 897 2695 armis

159 2722 231 2800 [Ter
254 2734 374 2784 eentum
397 2723 479 2784 Fabii
500 2731 549 2785 ter
571 2723 706 2785 recidere
729 2719 820 2800 due]

66 2824 98 2871 98
158 2809 286 2872 Sumunt
308 2811 433 2890 gentiles
456 2829 536 2872 arma
558 2812 692 2892 professa
714 2827 836 2873 manus.

66 2912 97 2959 97
117 2898 180 2959 Una
204 2899 308 2959 demus
330 2901 410 2960 vires
432 2906 462 2960 et
484 2902 561 2960 onds
583 2905 756 2980 susceperat
776 2897 882 2979 Urbis,
1007 2976 1014 2989 ἡ

114 2985 286 3064 [Egreditur
309 2989 414 3048 eastris
437 2986 521 3047 miles
543 3005 705 3067 generosus
728 2986 772 3048 911
786 2986 881 3048 isdem
889 2983 912 3065 ‚]

66 3088 98 3136 9ο
157 3074 181 3134 Ε
205 3077 272 3154 quis
295 3075 354 3136 duaa
377 3075 442 3136 lieri
464 3074 589 3154 quilibet
610 3085 697 3156 aptus
720 3083 800 3136 erat.

113 3162 278 3224 Carmentis
300 3171 404 3242 portae
426 3163 529 3224 dextra
552 3171 598 3225 est
619 3165 665 3223 via
687 3162 822 3242 proxima
841 3158 929 3220 iano:

159 3250 217 3326 [lre
241 3269 295 3329 per
317 3251 393 3310 hana
417 3249 477 3311 noli
489 3296 498 3332 ,
521 3251 657 3330 quisquis
678 3266 711 3309 es
722 3293 732 3327 ,
756 3263 844 3307 omen
865 3243 970 3306 babet.

113 3337 164 3397 llia
188 3339 261 3398 lama
285 3340 378 3399 refert
400 3337 507 3399 Fabios
529 3339 626 3398 exisse
648 3340 818 3396 metantes:

157 3425 246 3486 Porta
269 3433 351 3485 vacat
374 3424 461 3504 eulpa
473 3471 484 3506 ‚
506 3423 558 3485 sed
581 3431 680 3484 tamen
701 3438 790 3483 aman
811 3418 932 3498 babet]

66 3525 97 3573 ae
112 3510 151 3574 Ut
175 3512 265 3573 celeri
287 3528 376 3591 passu
400 3511 568 3573 Cremeram
590 3510 717 3591 tetigere
739 3526 875 3591 rapacem
882 3554 892 3593 ,
916 3540 950 3552 -
985 3519 1030 3572 (⁴³)
