2386 3892
1039 186 1104 242 XXI

96 352 226 429 spatium
254 351 314 411 erit
341 349 571 411 concedendum:
600 350 764 428 elegiarum
790 350 907 410 nullum
929 351 988 412 fuit
1013 353 1103 413 inter·

96 441 211 502 stitium
233 457 331 516 nequo
352 438 559 513 inscriptiones
581 438 661 498 ulleo
683 438 715 497 in
737 438 907 516 archetypo.

183 528 355 586 Primarum
377 527 471 603 igitur
493 525 670 603 paginarum
684 519 734 607 (2)
749 530 781 586 et
794 519 844 606 (3)
864 527 988 587 eandem
1006 529 1104 589 condi·

94 618 208 677 cionem
231 619 304 692 puto
322 615 423 690 fuisse,
446 633 535 690 quam
558 618 695 691 quartae:
719 615 862 674 detritum
881 635 973 675 unum
990 617 1022 676 in
1040 637 1102 676 om·

94 707 183 766 nibus
207 704 365 778 distichon,
389 704 514 762 suffecta
535 702 646 778 ubique
669 702 748 778 bina,
770 703 898 763 fortasse
920 723 980 763 non
1003 706 1103 765 omnia

93 794 199 853 eodem
231 795 375 867 tempore.
429 791 556 850 disticha
588 792 629 850 65
662 790 701 848 ad
733 793 773 850 68
806 792 980 867 proscripsit
1011 793 1102 854 Bent-

94 881 184 956 leius,
217 881 348 939 alterum
376 898 437 938 non
458 881 583 955 propter
607 879 787 954 pentametri
810 881 974 938 clausulam
998 882 1101 957 solam,

92 973 180 1046 puto,
204 967 258 1028 sed
279 972 404 1044 propter
426 967 612 1045 argutiarum
635 969 795 1042 tumorem;
823 968 915 1026 etiam
937 969 1104 1044 proximum

92 1059 182 1134 plane
206 1059 354 1133 evagatur
376 1075 394 1115 a
417 1055 565 1115 sententia
587 1055 738 1115 instituta:
766 1056 884 1115 nonde
908 1056 999 1115 animi
1022 1058 1104 1117 infir·

93 1147 199 1205 mitate
214 1145 324 1221 agitur,
347 1147 383 1202 ut
395 1144 411 1202 Ι
425 1157 452 1202 11
468 1145 518 1218 55,
542 1143 619 1202 unde
642 1144 714 1204 haec
733 1147 862 1220 sumpta,
886 1145 938 1204 ssd
952 1145 988 1203 de
1002 1164 1103 1206 morsu

94 1233 283 1308 stimulisque
302 1232 507 1306 eonscientiae,
531 1231 582 1307 qui
599 1232 836 1292 reconciliatione
854 1233 950 1292 levari
967 1237 1102 1308 possunt.

94 1323 158 1382 eins
191 1321 257 1398 spei
290 1320 391 1396 eliqua
421 1320 533 1379 mentio
565 1337 669 1379 versus
707 1321 747 1378 63
786 1322 816 1378 et
851 1322 891 1378 68
924 1322 1104 1398 conexuerit,

94 1413 221 1487 oportet.
277 1409 357 1467 inter
379 1409 422 1468 40
446 1411 477 1467 et
500 1409 540 1467 45
566 1407 636 1484 quid
660 1406 810 1480 exciderit,
833 1406 890 1464 dici
912 1408 973 1466 non
990 1411 1103 1482 potest:

92 1499 293 1574 interpolator
316 1498 393 1557 alter
414 1499 537 1572 proptor
558 1513 662 1554 vocem
680 1497 821 1554 animnos
838 1514 865 1554 v.
885 1497 937 1570 47,
960 1495 1040 1573 quod
1058 1500 1105 1557 est

93 1606 127 1646 eo
151 1605 255 1660 sensu,
279 1603 338 1660 quo
360 1585 428 1643 Met
453 1583 496 1642 VI
512 1585 573 1644 159
597 1583 653 1641 XV
672 1584 749 1657 174,
771 1585 1001 1661 nominatorem
1024 1587 1104 1662 quod

92 1675 274 1736 vocabulum
301 1672 415 1731 duobus
443 1672 568 1731 saeculis
590 1669 695 1730 Ovidio
718 1672 865 1731 recentius
888 1691 953 1732 csse
978 1673 1103 1751 videtur,

93 1781 222 1839 eumque
246 1760 374 1827 Dianae,
402 1760 504 1835 plane,
532 1761 620 1834 puto,
648 1759 721 1818 alias
749 1760 945 1836 incognitum,
974 1761 1103 1821 induxit:

93 1853 172 1910 alter
195 1849 286 1909 aliter
308 1847 504 1907 excusandam
527 1848 769 1923 superst'tionem
796 1849 927 1924 putavit,
958 1849 1043 1924 quasi
1066 1851 1102 1909 de

93 1940 149 1998 hac
171 1937 360 2012 potissimum
383 1954 416 1994 re
439 1938 587 2012 ageretur.

184 2024 391 2083 Proximarum
418 2036 481 2082 x111
507 2023 684 2098 paginarum
708 2015 757 2103 (8)
791 2028 924 2083 extrema
956 2024 1103 2085 distichon

92 2115 195 2188 habet,
218 2112 299 2188 quod
320 2130 415 2187 neque
439 2111 589 2168 emendari
611 2129 699 2186 posse
722 2111 849 2186 videtur,
872 2130 968 2187 neque
991 2114 1036 2171 ati
1055 2114 1103 2172 edi

93 2203 180 2277 solet,
209 2218 329 2259 sensum
351 2198 454 2258 habet:
484 2193 533 2273 ‘di,
556 2199 636 2258 inter
658 2218 732 2275 quos
755 2200 819 2274 ipse
842 2197 959 2275 Caesar,
982 2200 1102 2277 faciant,

91 2294 127 2350 ut
160 2290 217 2349 sub
251 2289 308 2346 hoo
338 2289 421 2346 terra
452 2280 511 2346 sit'.
566 2287 751 2345 adiciendum
783 2290 848 2345 erat
878 2291 948 2363 post
980 2308 1007 2348 v.
1039 2292 1102 2348 100

92 2379 191 2438 velut:
216 2370 261 2434 ‘si
284 2376 472 2434 maiestatem
495 2376 614 2433 sanctae
638 2374 794 2433 clementia
812 2376 929 2447 mentis,
952 2375 1103 2436 Iustitiam

91 2467 199 2526 veniae
232 2465 259 2523 si
291 2464 450 2522 comitatur
485 2456 589 2521 amor'.
643 2478 770 2535 namque
803 2463 865 2521 sins
902 2462 1003 2535 aliqua
1038 2464 1102 2522 eius

91 2553 173 2613 modi
201 2552 393 2612 conversione
420 2551 498 2627 quod
525 2550 672 2626 sequitur,
700 2547 743 2606 Ac
768 2553 799 2607 tu
825 2548 1030 2607 inconcinnum
1057 2551 1102 2611 fo·

91 2646 149 2702 ret.
199 2641 243 2700 ita
266 2658 337 2699 vero
361 2639 387 2698 si
408 2639 518 2715 pagina
540 2639 650 2712 finitur,
673 2635 787 2712 priores
805 2635 873 2693 inde
896 2629 978 2715 a(5)
993 2639 1102 2700 alicubi

90 2727 248 2789 abundant
270 2727 410 2786 disticho:
439 2727 597 2785 delendum
618 2725 760 2802 proposui
781 2724 797 2782 Ι
818 2737 844 2784 11
869 2727 909 2785 36
938 2728 994 2802 37,
1023 2730 1103 2804 quod

91 2821 174 2878 certe
207 2834 436 2892 supervacuum,
468 2815 670 2889 importunum
697 2814 784 2889 adeo,
815 2817 960 2890 quantum
992 2818 1103 2892 senti03

90 2907 167 2965 nihil
190 2909 293 2964 tamen
320 2905 394 2963 certi
420 2904 596 2979 plerumque
622 2903 653 2960 in
683 2903 738 2962 hoc
765 2921 881 2979 genere.
937 2909 1103 2979 sequuntur

91 2995 221 3072 paginae
254 2986 304 3073 (9)
337 2992 375 3050 ad
403 2987 473 3070 (15)
500 2991 642 3067 integrae.
696 2992 806 3067 pagina
833 2982 905 3072 (16)
934 2990 1043 3051 desinit
1070 2992 1103 3050 in

91 3083 267 3156 distichum,
299 3081 377 3157 quod
408 3079 562 3154 Heinsius,
595 3078 788 3154 Schraderus,
820 3080 872 3138 alii
899 3079 963 3135 iure
991 3079 1101 3153 impro·
1138 3083 1154 3099 “·

90 3171 212 3230 harant.
267 3169 370 3244 quaeri
397 3171 511 3242 potest,
544 3186 615 3225 num
643 3169 812 3242 suppletum
840 3167 879 3224 sit
909 3183 964 3238 pro
996 3165 1102 3242 altere,

90 3258 172 3334 qnod
196 3260 371 3329 evanuerat,
394 3274 433 3314 an
454 3274 473 3314 a
495 3255 609 3314 novicio
632 3255 845 3330 interpolatore
868 3251 1024 3310 adiectum.
1076 3255 1102 3314 si

89 3347 122 3405 in
146 3345 302 3420 proximis,
329 3345 436 3420 quibus
464 3343 500 3402 de
522 3343 713 3418 navigatione
735 3344 841 3416 poetae
864 3339 985 3415 dicitur,
1013 3361 1103 3416 quam

89 3435 122 3493 in
148 3434 276 3492 Pontum
298 3433 395 3507 ipsum
414 3432 528 3490 nullam
546 3430 626 3505 fecit,
650 3428 822 3488 recentioris
842 3446 946 3487 manue
964 3430 1101 3488 fraudem

90 3521 239 3596 suspicari
261 3520 377 3596 liceret,
396 3520 493 3578 minus
516 3519 630 3595 negotii
653 3520 730 3575 esset
753 3517 785 3575 in
803 3515 989 3592 difficultate,
1012 3536 1102 3592 quam
