2386 3892
1075 171 1100 225 V

89 337 207 398 saeculi
229 336 327 413 quarti
349 340 403 396 aut
425 336 535 412 quinti:
558 297 807 411 quem'credibile
830 336 908 397 foret
926 336 1100 397 Horatianis

91 430 123 486 et
137 425 323 502 Vergilianis
343 425 469 484 similem
489 425 591 500 spuria
607 427 719 500 vetera,
738 424 870 484 difficilia
888 424 1018 500 inventu,
1038 444 1099 484 ser·

89 533 191 589 rasse,
215 513 266 573 sed
288 515 417 573 alterum
440 516 558 573 tantum
580 513 713 573 noviciae
738 513 860 590 originis
879 513 1037 572 omissione
1056 514 1099 572 in·

89 603 270 663 dicaturum.

185 689 259 750 Sunt
290 690 381 749 etiam
408 689 439 747 in
466 691 522 750 hoc
545 689 694 750 volumine
716 707 793 766 quae
815 709 874 749 non
897 691 1002 749 eodem
1025 709 1099 751 aevo

91 779 229 857 prodisse
252 778 423 853 videantur3
447 797 480 838 ac
503 777 648 837 librorum
670 778 788 837 bonitas
806 781 926 854 poterat
944 778 980 836 de
998 778 1099 837 arche·

90 870 168 944 typo
196 867 362 926 admonere.
418 865 469 924 sed
496 867 615 942 cognati
645 866 696 941 qui
724 865 780 925 dici
807 866 934 942 possint,
966 869 1099 941 praetcr-

91 975 184 1032 quam
202 954 395 1014 Ponticorum
417 955 470 1029 qui
491 972 523 1013 se
542 954 699 1029 excipiunt,
723 972 760 1013 ex
782 954 862 1014 omni
883 973 1006 1014 numero
1025 953 1099 1013 duos

90 1063 153 1104 non
179 1043 311 1118 invenio,
337 1042 447 1101 nedum
474 1060 493 1101 a
521 1043 638 1101 saeculo
665 1042 767 1117 quinto
795 1042 846 1117 qui
873 1045 1048 1118 repetantur
1070 1044 1101 1100 et

90 1131 250 1207 archetypi
268 1130 398 1206 effigiem
416 1131 602 1191 resuscitent.
657 1130 738 1189 aliud
757 1131 921 1206 observavi,
944 1130 1023 1206 quod
1041 1149 1101 1188 non

91 1222 208 1295 aliquot
236 1219 375 1279 carminis
402 1219 527 1278 alicuius
554 1218 687 1278 codicum
714 1218 882 1295 affinitatis,
912 1219 963 1277 sed
990 1219 1101 1279 veteris

93 1307 248 1368 cuiusdam
271 1326 395 1383 operum
418 1306 602 1366 contubernii
626 1306 872 1383 significationem
891 1306 964 1363 mihi
981 1306 1100 1380 habeat,

89 1415 145 1456 nec
173 1396 263 1455 unius
291 1395 446 1471 archetypi
474 1394 735 1455 conformationem
763 1393 842 1468 quod
869 1394 1016 1470 designet,
1050 1394 1102 1453 sed

90 1486 328 1560 archetyporum
355 1483 486 1543 omnium
510 1502 578 1542 eum
600 1482 749 1557 habitum,
776 1481 813 1539 de
837 1500 894 1557 quo
918 1483 1101 1559 quaerimus3

89 1591 146 1632 nec
165 1574 287 1631 tantum
305 1572 564 1647 interpolationem
583 1570 740 1646 duplicem,
763 1575 839 1646 quae
858 1571 898 1629 sit
915 1573 995 1630 ultra
1013 1573 1101 1631 citra·

89 1680 148 1737 que
170 1661 323 1719 saeculum
341 1660 485 1735 quintum,
505 1658 556 1718 sed
574 1659 696 1717 tertiam
714 1659 944 1735 archetyporum
957 1661 1098 1735 ipsorum.

91 1749 248 1825 singulare
280 1750 327 1806 est
358 1766 392 1807 ac
418 1765 541 1822 prorsus
573 1747 744 1821 fortuitum,
774 1765 834 1804 non
865 1747 943 1822 quod
971 1746 1008 1805 ad
1036 1747 1103 1806 aevi

92 1836 301 1897 obscurissimi
334 1835 531 1895 reconditiora
560 1835 761 1910 pernoscenda
796 1836 924 1893 multum
957 1835 1101 1910 conferat,

92 1925 148 1984 sed
182 1924 262 2000 quod
295 1923 510 1999 propemodum
541 1922 668 1982 sufficiet
695 1921 734 1981 ad
761 1942 808 1996 ea,
844 1941 919 1998 quae
957 1923 988 1980 in
1016 1941 1102 1998 prae-

91 2012 174 2073 senti
195 2012 418 2087 ingravescunt,
442 2010 558 2070 utiliter
580 2010 768 2087 expedienda.

185 2099 322 2158 Antehac
344 2118 485 2160 versuum
503 2099 788 2174 proscribendorum,
812 2098 1010 2158 eiciendorum
1028 2099 1102 2174 legi·

90 2190 170 2247 tima
193 2187 270 2246 ratio
292 2189 376 2247 nulla
394 2190 468 2263 erat,
491 2186 548 2246 nisi
566 2187 618 2246 ubi
635 2188 740 2247 idoneo
760 2190 936 2262 suppetente
956 2191 1103 2262 apparatu

90 2277 145 2354 qui
171 2275 311 2335 adessent
332 2276 363 2333 in
386 2275 600 2335 recentioribus
622 2274 716 2349 libris,
738 2274 876 2334 abessent
899 2277 936 2334 ab
955 2275 1103 2350 antiquio-

91 2366 187 2424 ribus.
244 2367 313 2423 sunt
336 2363 415 2422 enim
438 2363 541 2421 eodem
563 2364 628 2421 loco
652 2381 711 2436 quc
739 2381 844 2422 vocum
867 2366 898 2420 et
920 2363 1103 2421 locutionum

47 2493 49 2496 -
91 2451 362 2513 contaminationes
390 2455 422 2511 et
450 2470 485 2510 ex
515 2450 626 2510 saeculi
653 2449 794 2525 cuiusque
823 2449 997 2508 eruditionis
1024 2468 1103 2524 penu

90 2542 168 2601 nati.
224 2557 260 2598 ea
281 2557 387 2598 norma
409 2538 435 2598 si
457 2538 544 2598 facile
568 2539 741 2611 carendum,
769 2537 822 2594 ubi
844 2554 966 2612 prorsus
990 2537 1103 2598 absona

92 2631 268 2702 occurrunt,
296 2627 375 2703 quod
396 2627 493 2686 rarius
516 2627 548 2684 in
569 2626 741 2686 melioribus
764 2624 861 2702 libris,
889 2627 1033 2685 utendum
1056 2631 1103 2686 ta-

91 2736 165 2776 men
192 2734 404 2791 saepenumero
434 2716 465 2773 in
489 2734 521 2773 re
549 2715 679 2790 ancipiti.
733 2713 784 2773 sed
810 2715 842 2772 in
872 2714 926 2773 hoc
954 2716 1104 2775 volumine

90 2823 239 2865 versuum
266 2822 369 2862 eorum
396 2803 519 2879 exiguus
547 2802 677 2863 innotuit
702 2803 852 2862 numerus.
903 2804 1013 2862 saeculi
1038 2816 1103 2862 xm

91 2894 124 2952 in
144 2891 278 2951 Ponticis
301 2892 476 2950 lacunarum
499 2892 706 2967 supplementa
728 2892 882 2967 quaedam,
906 2891 1103 2966 ut1111.32,

91 2981 159 3040 1111
178 2981 289 3055 11144,
311 2979 343 3038 in
360 2979 443 3038 Ibide
462 2997 537 3054 quae
557 2979 697 3039 adnotavi
714 3000 742 3056 p.
762 2983 835 3054 417,
859 2981 932 3052 419,
955 2979 987 3036 in
1005 2978 1103 3036 Fastis

90 3069 237 3146 paucula,
269 3067 356 3142 nihil,
389 3067 467 3143 quod
496 3067 534 3125 ad
561 3072 717 3142 poetarum
739 3068 901 3126 latinorum
931 3065 1106 3140 aequalium

91 3159 228 3218 nitorem
255 3154 388 3230 accedat,
416 3156 551 3230 quamvis
579 3154 825 3231 interpolatorum
853 3153 916 3211 eius
940 3155 1050 3212 saeculi
1072 3155 1104 3213 in

90 3245 227 3306 dictione
249 3243 401 3318 varianda,
426 3244 598 3320 synonymis
622 3245 704 3304 salvo
727 3245 822 3301 metro
845 3240 1032 3300 inferciendis
1051 3260 1102 3317 pe·

89 3332 219 3395 culiaris
237 3331 277 3392 sit
294 3332 343 3391 vel
360 3330 497 3406 facilitas,
516 3331 564 3391 vel
582 3329 772 3405 intemperies
790 3331 821 3387 et
838 3328 1001 3403 temeritas,
1020 3329 1103 3388 cuiue

90 3421 234 3496 exempla
255 3419 353 3479 ubivis
376 3421 492 3493 ertant3
522 3419 574 3493 qui
595 3417 787 3476 Ponticorum
809 3414 879 3473 libri
901 3415 963 3474 IIII
986 3415 1102 3492 paginis

89 3511 190 3570 Korn.
221 3508 383 3584 scripturas
411 3505 543 3566 codicum
570 3503 718 3562 BODLP
750 3503 942 3579 quaesiverit,
973 3501 1104 3562 inveniet
