2386 3892
428 184 460 235 V.
478 195 491 236 1
504 186 600 235 55-11
613 187 655 237 42.

128 348 318 424 affectusque
343 346 432 404 animi
455 347 505 422 qui
529 345 697 425 scitante,
720 353 835 406 manet.

129 434 267 511 Quaeque
291 450 373 493 mora
397 435 550 511 spatioque
573 450 627 493 suo
651 435 764 493 coitura
786 436 885 512 putavi

89 519 277 600 10Vu1nera,
301 538 360 579 non
383 519 488 599 aliter,
512 538 599 598 quam
622 520 708 580 modo
732 521 807 581 iacta
830 522 946 583 dolent.

130 608 247 668 Scilicet
271 609 385 685 exiguis
408 607 530 686 prodest
552 625 661 668 annosa
684 614 833 690 vetustas3

131 694 296 756 Grandibus
319 692 464 755 accedunt
486 703 618 774 tempore
642 695 746 755 damna
769 695 871 758 malis.

128 783 223 844 Paene
248 783 352 843 decem
374 785 444 842 totis
467 781 538 843 aluit
560 783 719 843 Poeantius
743 786 827 843 annis

129 871 307 931 Pestiferum
331 869 444 930 tumido
467 870 573 931 vulnus
595 870 631 930 ab
655 888 749 948 angue
773 871 892 931 datum.

91 969 117 1019 to
130 958 278 1037 Telephus
300 966 420 1018 aeterna
442 967 635 1037 consumptus
659 957 725 1019 tabe
748 960 892 1039 perisset,

131 1046 242 1106 Sinon
267 1064 342 1123 quae
365 1048 483 1126 nocuit,
507 1046 608 1106 dextra
631 1046 749 1107 tulisset
771 1062 880 1124 opem.

130 1133 166 1193 Et
188 1151 276 1213 mea,
299 1136 325 1193 si
347 1133 460 1203 facinus
483 1133 597 1194 nullum
620 1135 838 1213 commisimus,
860 1142 947 1213 opto,

132 1219 257 1281 Vulnera
280 1222 332 1298 qui
355 1221 447 1301 iecit,
469 1220 544 1282 faeta
567 1221 663 1281 levare
687 1221 773 1300 velit3

132 1308 353 1387 contentusque
375 1311 434 1368 mei
456 1311 513 1368 iam
537 1309 654 1386 taudem
677 1315 760 1387 parte
783 1307 894 1367 doloris

94 1407 120 1457 eo
132 1395 277 1474 Exiguum
300 1395 388 1474 pleno
411 1396 447 1456 de
469 1413 550 1456 mare
573 1396 672 1456 demat
694 1413 806 1472 aquae.

133 1483 271 1545 Detrahat
292 1491 327 1543 ut
349 1483 474 1543 multum
486 1529 495 1562 ,
520 1483 644 1544 multum
667 1481 791 1543 restabit
813 1480 929 1555 acerbi,

133 1570 262 1650 Parsque
285 1588 366 1630 meae
389 1588 501 1650 poenae
524 1573 616 1631 totius
638 1573 732 1631 instar
755 1571 829 1631 erit.

135 1658 233 1719 Litora
258 1668 329 1736 quot
353 1657 502 1739 conchas,
524 1666 597 1736 quot
619 1674 740 1718 amoena
763 1658 875 1718 rosaria
896 1656 1000 1736 flores,

136 1745 246 1817 Quotve
270 1746 466 1823 soporiserum
489 1763 579 1824 grana
601 1763 727 1825 papaver
749 1744 855 1825 habet3

95 1842 122 1892 to
136 1833 210 1894 Silva
233 1833 311 1892 ieras
334 1841 407 1911 quot
429 1832 480 1893 alit
492 1880 500 1912 ,
524 1840 597 1912 quot
618 1832 750 1912 piscibus
773 1833 853 1893 unda
875 1840 1010 1912 natatur,

136 1920 212 1992 Quot
234 1928 371 1980 tenerum
393 1922 499 1999 pennis
522 1927 589 1981 aera
611 1920 709 1999 pulsat
731 1923 791 1980 avis
803 1965 812 2000 ,

135 2008 190 2068 Tot
211 2025 331 2087 premor
354 2008 505 2069 adversis:
534 2025 609 2086 quae
632 2010 658 2068 si
680 2007 893 2087 comprendere
916 2025 1023 2081 coner,

135 2096 241 2156 icariae
265 2112 422 2155 numerum
445 2095 544 2156 dicere
567 2113 658 2156 coner
681 2113 791 2173 aquae.

135 2182 230 2262 thue
253 2185 315 2243 viae
339 2200 447 2262 casus,
469 2190 504 2243 ut
525 2200 623 2243 amara
645 2182 777 2261 pericula
799 2184 900 2262 ponti,

95 2269 173 2330 30111
194 2279 307 2330 taceam
329 2273 447 2331 strictas
470 2272 501 2330 iu
524 2288 589 2330 mea
611 2271 669 2329 iata
691 2287 813 2329 manus:

137 2356 262 2418 Barbara
285 2375 331 2418 me
354 2357 442 2418 tellus
465 2356 605 2434 orbisque
628 2357 786 2416 novissima
807 2357 906 2433 magni

137 2445 268 2505 Sustinet
291 2453 322 2505 et
343 2462 429 2505 saevo
453 2447 567 2505 cinctus
591 2442 628 2502 ab
650 2442 734 2502 hoste
758 2442 859 2503 loeus.

136 2532 209 2592 Hine
232 2550 286 2610 ego
311 2534 488 2607 traicerem,
511 2565 547 2575 -
573 2530 772 2611 nequeenim
800 2545 864 2588 mea
892 2525 977 2605 culpa

679 2623 802 2677 eruenta
824 2622 871 2675 est
887 2645 923 2658 -

137 2705 243 2788 Esset,
266 2725 341 2785 quae
364 2706 475 2788 debet,
498 2709 525 2767 si
547 2705 601 2767 tihi
624 2722 695 2767 eura
718 2706 793 2765 mei.

94 2793 186 2854 atille
210 2793 284 2855 deus
297 2839 306 2874 ,
329 2793 404 2855 bene
428 2812 488 2873 quo
510 2794 639 2854 Romana
663 2794 793 2873 potentia
815 2794 883 2852 nixa
907 2799 969 2872 est,

138 2881 230 2961 Saepe
253 2899 308 2943 suo
331 2883 424 2943 vietor
446 2882 520 2942 lenis
544 2883 575 2941 in
598 2882 683 2942 hoste
706 2882 780 2942 suit.

138 2967 212 3038 Quid
236 2968 353 3030 dubitas
377 2977 404 3030 et
429 2976 493 3030 tuta
515 2965 628 3029 times?
664 2968 771 3029 accede
794 2984 942 3046 rugaque:

139 3055 262 3116 Caesare
285 3056 326 3116 nil
349 3059 453 3135 ingens
475 3057 577 3117 mitius
600 3055 681 3116 orbis
703 3055 808 3117 habet.

138 3142 182 3204 Me
206 3141 367 3204 miserum!
390 3143 462 3222 quid
480 3162 582 3224 agam,
605 3146 631 3204 si
653 3144 940 3287 proximqquaeque
963 3136 1050 3199 relin-

681 3236 777 3307 quunt

98 3325 127 3375 40
142 3316 296 3378 Subtrahis
320 3319 441 3378 effracto
464 3326 498 3378 tu
521 3334 639 3397 queque
664 3315 737 3376 coila
759 3309 855 3391 iugo?

138 3403 201 3474 Quo
225 3401 335 3465 ferar?
367 3405 445 3466 trude
467 3413 565 3485 petam
588 3404 673 3463 lassis
696 3400 803 3461 solacia
826 3397 943 3460 rebus?

139 3491 252 3552 Ancora
277 3494 334 3552 iam
358 3503 489 3554 nostram
512 3511 572 3554 non
595 3498 677 3551 tenet
700 3488 758 3550 ulia
781 3496 896 3560 ratem.

860 3585 895 3641 6*
