2386 3892
152 184 194 247 92
539 234 543 242 ,
565 181 736 233 narsetum

239 347 334 424 Atque
358 347 470 405 utinam
493 346 571 406 vivat
594 352 623 404 et
646 362 705 404 non
729 345 872 405 moriatur
893 345 926 404 in
948 343 1025 426 illis,

239 433 324 494 Absit
345 432 381 493 ab
404 434 506 492 invisis
530 441 560 493 et
582 441 679 492 tamen
703 431 807 492 umbra
830 430 917 492 locisl

192 533 225 582 25
241 521 375 581 Carmina
399 520 477 598 quod
500 519 588 599 pleno
612 519 712 580 saltari
733 527 835 579 nostra
858 518 974 580 theatro

242 607 383 669 Versibus
407 615 437 669 et
460 606 560 685 plaudi
583 606 711 687 scribis,
735 609 846 686 amice,
869 609 963 667 meis:

130 712 134 718 ·
240 696 286 756 Nil
310 696 448 774 equidem
471 696 587 755 ieci-
609 703 641 755 tu
665 697 724 754 scis
746 694 803 754 boc
826 697 890 773 ipse
911 693 1111 775 -theatris,

240 784 322 844 Musa
345 785 454 844 necin
477 783 607 861 plausus'
622 781 775 843 ambitiosa
799 800 864 842 mea
887 789 949 843 est.

242 871 307 931 Non
331 880 428 931 tamen
451 873 600 949 ingratum
623 877 686 950 est,
710 870 919 949 quodcumque
938 869 1045 931 oblivia
1062 872 1151 931 nostri

193 971 227 1018 ao
242 958 368 1037 Impedit
391 966 422 1018 et
442 959 562 1036 profugi
584 975 692 1018 nomen
715 960 746 1018 in
770 976 821 1018 ora
843 957 954 1018 refert.

243 1046 381 1116 Quamvis
403 1045 576 1124 interdum,
600 1063 674 1123 quae
698 1063 744 1106 me
768 1045 889 1106 laesisse
912 1044 1055 1106 recordor

241 1133 377 1193 Carmina
400 1132 527 1193 devoveo
550 1132 741 1211 Pieridasque
765 1151 863 1214 meas,

241 1220 316 1281 Cum
338 1220 414 1281 bene
438 1221 558 1300 devovi,
581 1239 697 1298 nequeo
721 1229 819 1282 tamen
843 1239 908 1281 esse
932 1222 996 1282 siue
1019 1219 1096 1302 illis,

240 1307 478 1387 vulneribusque
502 1311 576 1368 meis
599 1308 657 1367 tela
681 1316 804 1369 cruenta
827 1325 954 1389 sequor3

192 1407 225 1457 35
241 1397 382 1475 Quaeque
405 1396 492 1456 modo
516 1394 656 1456 Euboicis
675 1395 801 1456 lacerata
820 1404 865 1458 est
883 1395 1043 1476 fluctibus,
1069 1394 1156 1456 audet

241 1483 327 1544 Graia
352 1483 531 1562 Capheream
554 1501 676 1543 currere
700 1485 808 1563 puppis
832 1501 955 1562 aquam.

241 1570 302 1631 Nec
324 1579 447 1649 tamen,
469 1578 502 1630 ut
524 1571 627 1630 lauder
639 1616 648 1650 ,
672 1570 759 1648 vigilo
783 1589 942 1650 curamque
967 1571 1062 1633 futuri

241 1657 398 1738 Nominis,
421 1657 522 1718 utilius
547 1659 625 1736 quod
648 1658 804 1739 latuisset,
828 1677 902 1737 ago.

242 1744 364 1805 Detineo
389 1744 494 1805 studiis
517 1747 648 1805 animum
670 1745 797 1824 falloque
821 1745 957 1828 dolores,

193 1844 227 1893 40
243 1832 387 1910 Experior
411 1835 491 1892 curis
515 1841 544 1893 et
567 1832 636 1893 dare
660 1833 861 1894 verba'meis.

242 1920 319 1992 Quid
341 1920 440 1998 potius
464 1920 568 1980 iaeiam
591 1920 717 1981 desertis
741 1921 820 1982 solus
843 1923 874 1982 in
898 1923 977 2001 oris,

242 2007 371 2077 Quamne
394 2007 478 2067 malis
502 2008 584 2068 aliam
606 2025 748 2086 quaerere
772 2027 863 2069 coner
886 2003 1000 2086 opem?

242 2095 309 2155 Sive
332 2094 430 2155 locum
453 2103 576 2174 specto,
599 2095 682 2156 locus
706 2104 751 2158 est
773 2095 960 2177 inamabilis,
983 2103 1015 2158 at
1036 2113 1097 2175 quo

240 2182 314 2243 Esse
337 2181 411 2242 nibil
434 2190 496 2243 toto
519 2184 634 2244 tristius
659 2183 730 2243 orbe
753 2192 871 2266 potest,

192 2280 226 2330 45
242 2270 308 2330 Sive
332 2268 489 2350 homines,
515 2272 563 2330 vix
587 2279 656 2332 suut
679 2271 813 2332 homines
836 2272 893 2332 boc
915 2273 1036 2333 nominc
1060 2271 1154 2350 digni,

242 2358 395 2437 Quamque
418 2357 480 2437 lupi
504 2376 605 2418 saevae
629 2359 695 2437 plus
719 2359 843 2420 lenitatis
866 2359 995 2422 babent.

239 2445 305 2506 Nou
329 2453 466 2506 metuunt
488 2445 590 2526 leges,
608 2447 667 2506 sed
690 2446 769 2507 cedit
791 2447 904 2508 viribus
927 2465 1074 2529 aequum,

240 2532 381 2612 Victaque
405 2536 532 2613 pugnaci
554 2536 620 2594 iura
643 2533 699 2593 sub
724 2552 795 2594 ense
817 2537 932 2597 iacent.

238 2620 369 2682 Pellibus
393 2627 424 2681 et
446 2621 518 2681 lanis
542 2628 644 2681 arcent
666 2622 741 2681 mala
764 2623 875 2700 frigora
897 2622 1016 2702 bracis,

192 2720 226 2769 50
241 2708 358 2786 Oraque
382 2717 451 2769 sunt
473 2708 567 2786 longis
590 2708 710 2769 horrida
733 2716 810 2770 tecta
833 2712 942 2772 comis.

240 2795 274 2854 ln
298 2798 399 2873 paucis
423 2802 523 2855 extant
546 2795 672 2856 Graecae
696 2799 818 2874 vestigia
840 2797 978 2878 linguae,

240 2882 319 2941 Haec
343 2900 461 2961 quoque
483 2885 540 2942 iam
564 2882 665 2943 Getico
688 2883 812 2944 barbara
836 2886 912 2945 lacta
936 2902 1029 2947 sono.

240 2970 322 3029 Unus
346 2972 376 3029 in
399 2969 456 3029 boo
480 2987 565 3030 nemo
589 2979 635 3031 est
657 2972 787 3053 populo,
811 2975 862 3051 qui
885 2973 965 3033 forte
984 2972 1086 3034 Latine

241 3056 397 3128 Quaelibet
420 3075 436 3116 e
459 3057 555 3117 medio
579 3058 703 3118 reddere
727 3059 817 3120 verba
839 3066 946 3139 queat.

193 3158 225 3207 55
240 3146 292 3205 llle
316 3163 371 3223 ego
394 3145 543 3205 Romanus
566 3155 647 3206 vates
666 3178 708 3189 —-
727 3149 896 3228 ignoscite,
919 3145 1038 3209 Musaei
1056 3178 1097 3189 -

241 3234 403 3293 Sarmatico
427 3251 516 3312 cogor
538 3233 666 3312 plurima
689 3236 895 3313 more'loqui.

240 3320 285 3381 En
308 3321 401 3399 pudet
424 3330 453 3382 et
476 3322 571 3381 iateor
584 3368 593 3399 ,
616 3323 674 3382 iam
697 3321 892 3383 desuetudine
916 3321 1004 3400 longa

202 3419 205 3427 ’
240 3408 293 3467 Vix
318 3407 447 3468 subeunt
469 3411 526 3487 ipsi
549 3408 639 3469 verba
655 3409 758 3470 Latina
775 3409 865 3472 mibi.

240 3493 300 3554 Nec
323 3494 448 3576 dubito,
472 3498 544 3573 quin
567 3499 627 3557 sint
650 3505 679 3557 et
703 3501 734 3557 in
757 3496 814 3557 boc
836 3514 897 3558 non
919 3513 1014 3579 pauca
1035 3490 1120 3557 tuoto
