2386 3892
404 191 449 242 IV.
467 202 513 243 vn
529 193 707 244 1e-vn118.
1019 193 1060 258 75

136 353 197 414 Sed
220 355 333 433 modo,
358 371 432 431 quos
455 353 566 434 hahui,
589 373 697 416 vacuos
720 355 860 417 secedere
885 359 917 417 in
939 356 1060 439 hortos,

136 442 224 502 Nunc
246 443 402 502 hominum
425 443 489 501 visu
512 459 618 502 rursus
641 451 672 504 et
694 442 773 503 Urbe
797 445 873 505 frui.

139 530 189 591 Sic
212 533 311 591 animo
328 529 482 607 ‘qnondam
506 546 565 589 non
590 530 737 591 divinante
761 531 861 593 lutura

88 631 123 677 30
138 617 284 697 Optabam
307 617 421 696 placide
445 619 542 677 vivere
566 635 653 695 possa
676 636 784 680 senex.

138 705 209 765 Fata
232 713 459 785 repugnarunt,
483 722 558 784 quae
582 723 649 766 cum
672 705 745 765 mihi
767 715 900 786 tempora
923 710 1018 787 prime

139 792 238 853 Mollia
261 792 475 873 praehuerint,
497 795 663 871 posteriora
687 802 824 870 gravant.

104 927 108 932 .
138 880 260 959 lamque
283 882 386 941 decem
409 880 512 941 lustris
535 883 615 941 omni
639 883 702 940 sine
725 880 789 941 labe
814 886 942 961 peractis

138 969 227 1029 Parte
251 986 372 1047 premor
394 971 470 1028 vitae
494 969 641 1029 deteriore
665 987 766 1050 meac3

92 1069 125 1116 35
139 1056 201 1117 Nec
224 1055 331 1135 procul
352 1074 369 1116 a
392 1058 500 1135 metis,
524 1074 597 1134 quas
621 1074 712 1136 paene
736 1066 839 1119 tenere
862 1059 1000 1141 videbar,

140 1144 296 1205 Curriculo
320 1145 417 1222 gravis
440 1151 486 1202 est
508 1143 585 1204 iacta
607 1147 693 1205 ruina
716 1163 802 1208 meo.

140 1231 219 1311 Ergo
242 1231 326 1293 illum
349 1232 471 1291 demens
495 1233 525 1291 in
549 1249 595 1291 mc
619 1234 732 1293 saevire
756 1236 856 1316 coegi,

140 1319 241 1380 Mitius
263 1323 417 1380 inmensus
441 1337 499 1397 quo
523 1319 596 1379 nihil
619 1318 700 1378 orbis
722 1317 837 1381 hahet?

140 1406 265 1486 lpsaque
289 1407 404 1467 delictis
427 1409 503 1466 victa
527 1414 573 1467 est
596 1406 751 1466 clementia
774 1411 903 1489 nostris,

96 1507 128 1554 to
142 1495 202 1555 Nec
225 1503 323 1555 tamen
347 1496 444 1554 errori
467 1496 526 1554 vita
549 1503 652 1573 negata
676 1512 742 1555 meo
765 1492 837 1556 est?

141 1581 204 1642 Vita
226 1581 333 1660 procul
354 1585 450 1660 patrie
473 1581 638 1661 peragenda
663 1582 718 1642 suh
742 1601 795 1643 axe
818 1582 927 1666 horso,

142 1670 204 1740 Qua
228 1672 318 1730 maris
341 1668 449 1730 Euxini
473 1678 554 1730 terra
576 1672 696 1730 sinistra
719 1669 821 1733 iacet?

141 1757 203 1818 lloc
226 1757 298 1817 mihi
322 1759 348 1818 si
370 1756 475 1836 Delphi
498 1756 677 1836 Dodonaque
700 1760 814 1821 diceret
835 1763 917 1842 ipsa,

141 1845 213 1905 Esse
238 1844 389 1905 videretur
412 1863 504 1905 vanus
527 1854 654 1924 uterque
676 1847 778 1907 locus.

101 1943 128 1992 45
141 1932 187 1993 Nil
210 1933 283 1993 adeo
306 1932 433 1993 validum
457 1942 524 2013 est,
548 1933 664 1995 adamas
687 1933 756 1995 licet
779 1934 877 2013 alliget
899 1934 991 2019 illud,

143 2021 180 2081 Ut
201 2027 318 2080 maneat
340 2020 443 2099 rapido
467 2022 580 2082 firmius
603 2024 670 2100 igne
693 2021 788 2101 lovis3

142 2108 187 2168 Nil
210 2111 252 2169 ita
276 2108 401 2169 sublime
424 2118 470 2169 est
493 2127 641 2187 supraque
665 2109 797 2188 pericula
820 2110 932 2192 tendit,

142 2196 205 2256 Non
229 2199 269 2257 sit
291 2204 325 2257 ut
346 2197 471 2257 inferius
494 2200 739 2276 suppositumque
763 2196 835 2257 deo.

143 2282 213 2344 Nam
238 2301 414 2363 quamquam
437 2287 508 2346 vitio
532 2302 601 2363 pars
625 2293 670 2344 est
692 2292 843 2345 contracta
866 2285 1027 2368 malorum,

105 2370 210 2432 col’lus
234 2380 333 2432 tamen
357 2375 438 2432 exitii
461 2374 591 2433 numinis
615 2373 658 2430 ira
682 2371 779 2432 dedit.

144 2460 180 2519 dt
201 2477 253 2519 vos
277 2460 419 2520 admoniti
441 2461 552 2521 nostris
577 2475 693 2536 quoque
718 2457 835 2519 casibus
859 2466 940 2540 este,

145 2547 323 2626 dequantem
348 2566 472 2627 superos
496 2549 659 2608 emeruisse
683 2543 796 2605 virum!

497 2739 612 2812 VIIII.

145 2897 176 2958 Si
196 2898 267 2959 licet
289 2905 320 2958 et
341 2899 472 2976 pateris,
496 2915 604 2958 nomen
628 2899 801 2979 facinusque
825 2899 946 2980 taceho,

144 2984 179 3045 Et
201 2994 252 3046 tua
275 2984 410 3045 Lethaeis
434 2993 496 3045 acta
521 2985 669 3047 dabuntur
692 2991 794 3068 aquis,

144 3072 307 3152 Nostraque
330 3076 466 3134 vincetur
489 3071 618 3135 lacrimis
641 3075 796 3136 clementia
820 3077 915 3134 seris:

144 3158 200 3222 Fac
224 3161 333 3242 modo,
355 3168 385 3221 te
408 3167 506 3239 pateat
527 3165 708 3241 paenituisse
732 3164 793 3222 tul.

118 3245 199 3308 oFac
223 3247 333 3329 modo,
355 3256 384 3309 te
408 3249 530 3310 damnes
553 3253 714 3328 cupiasque
738 3245 859 3306 eradere
883 3246 958 3306 vitae

144 3334 289 3413 Tempora
302 3382 310 3415 ,
334 3338 359 3395 si
382 3338 478 3414 possis
491 3384 500 3416 ‚
523 3335 700 3413 Tisiphonea
723 3341 808 3393 tuae.

145 3421 195 3482 Sin
219 3425 317 3482 minus
330 3468 339 3500 ,
363 3432 393 3484 et
415 3423 539 3501 flagrant
562 3421 628 3480 odio
652 3429 702 3480 tua
725 3425 845 3496 pectora
869 3427 989 3502 nostro,

144 3507 248 3571 lnduet
271 3509 373 3570 infelix
396 3527 476 3569 arma
499 3517 599 3569 coacta
623 3506 723 3566 dolor.
