2386 3892
465 173 500 225 11.
520 174 668 248 roe-ara.

86 350 138 400 740
197 335 355 396 lnveninnt
377 336 473 414 posito
497 334 671 414 pervigilare
694 353 794 398 mero.

153 424 224 485 lnde
248 426 307 484 cito
330 441 419 503 passu
442 425 554 502 petitur
577 421 732 484 Lucretia:
764 421 870 504 nebat,

198 512 272 572 Ante
296 522 393 572 torum
418 511 523 571 calathi
547 510 669 588 lanaque
692 509 789 572 mollis
812 519 892 571 erat.

153 598 265 659 Lumen
290 599 324 660 ad
348 601 486 677 exiguum
509 598 634 658 famulae
658 598 723 659 data
746 616 838 678 pensa
860 596 1033 659 trahebant:

199 686 279 746 luter
303 705 376 765 quas
400 688 482 747 tenui
506 687 548 746 sic
572 687 613 747 ait
634 687 698 765 ipsa
721 703 812 748 sono:

88 787 140 836 745
156 770 312 835 ‘Mittenda
336 783 382 834 est
404 773 522 834 domino
545 805 580 816 -
603 790 705 854 nunc,·
727 790 806 835 nuno
829 781 1003 855 properate,

699 859 832 940 puellael
856 891 889 905 -·

200 948 422 1027 Quamprimum
445 956 546 1009 nostra
568 948 644 1009 lacta
667 947 784 1010 lacerna
807 966 912 1010 mann.

156 1035 232 1106 Quid
257 1047 354 1098 tamen
377 1031 515 1097 auditis?
546 1053 613 1097 nam
637 1035 722 1116 plura
744 1037 846 1098 andire
869 1038 1008 1117 potestis:

201 1123 349 1194 Quantum
373 1123 409 1184 de
432 1122 509 1184 bello
533 1123 642 1184 dicitur
664 1142 730 1185 esse
753 1120 869 1204 super?

158 1212 316 1272 Postmodo
340 1213 416 1272 victa
439 1209 547 1272 cades!
579 1210 774 1293 melioribus,
796 1211 913 1288 Ardea,
936 1208 1048 1273 restasl

91 1313 143 1363 750
202 1299 350 1381 inproba,
374 1316 448 1379 quae
471 1307 591 1360 nostros
613 1300 695 1377 cogis
717 1297 821 1360 abesse
844 1301 940 1360 viros.

158 1387 223 1447 Sint
246 1396 360 1448 tantum
383 1385 530 1448 reduces!
562 1386 614 1448 sed
638 1388 716 1447 enim
739 1388 914 1447 temerarius
937 1384 986 1447 1110

201 1473 255 1535 Est
277 1492 384 1555 mens,
407 1482 438 1535 et
459 1475 564 1536 stricto
588 1473 720 1552 quolibet
743 1491 814 1535 ense
835 1475 913 1535 ruit.

157 1562 240 1622 Mens
263 1560 325 1622 abit
347 1570 377 1622 et
400 1564 532 1640 morior,
556 1564 693 1641 quotiens
715 1563 875 1641 pugnantis
896 1563 992 1640 imago

201 1649 247 1710 lle
271 1648 373 1731 subit,
396 1658 426 1710 et
448 1647 578 1729 gelidum
600 1657 721 1729 pectora
743 1648 837 1728 frigus
859 1642 982 1710 habet?

92 1749 143 1800 755
159 1736 273 1798 Desinit
295 1740 326 1797 in
349 1736 506 1816 lacrimas,
529 1739 701 1815 intentaque
724 1736 771 1797 illa
795 1738 936 1818 remittit,

204 1825 236 1884 ln
260 1826 371 1901 gremio
395 1825 505 1886 voltum
530 1825 725 1904 deposuitque
748 1841 853 1886 suum.

160 1911 223 1972 lloc
246 1914 343 1990 ipsum
366 1912 488 1974 decuit:
520 1912 657 1974 lacrimae
680 1912 807 1975 decuere
829 1911 972 1992 pudicae,

203 1997 241 2059 Et
263 2001 353 2060 iacies
376 2002 472 2061 animo
496 1999 642 2079 dignaque
664 2017 776 2080 parque
798 1999 872 2063 1011.
926 2068 929 2077 ,

159 2081 255 2147 ‘Pone
279 2096 412 2166 metum,
434 2088 520 2149 00010
534 2081 558 2149 l'
591 2089 719 2150 coniunx
742 2090 804 2150 ait.
843 2086 892 2151 illa
913 2086 1037 2165 revixit,

94 2187 147 2237 700
207 2174 308 2253 [leque
331 2176 386 2234 viri
409 2173 484 2235 collo
508 2174 593 2236 dulce
615 2174 756 2255 pependit
778 2193 871 2238 onus.

160 2262 276 2322 Interea
298 2262 413 2322 invenis
436 2262 559 2323 luriatos
581 2264 682 2341 regius
704 2264 781 2340 ignis

205 2349 362 2429 Concipit,
384 2356 415 2412 et
437 2366 525 2411 caeco
548 2358 650 2429 raptus
672 2366 772 2410 amore
795 2349 885 2410 lnrlt.

161 2438 266 2498 Forma
289 2436 407 2516 placet,
430 2439 592 2515 niveusque
615 2436 719 2517 color,
740 2434 867 2514 llavique
888 2433 1003 2515 capilli,

205 2525 321 2603 Quique
345 2523 446 2585 aderat
468 2523 547 2585 nulla
570 2525 665 2587 100100
687 2522 724 2585 ab
747 2530 810 2584 arte
824 2521 941 2585 decor:

95 2625 146 2675 765
160 2612 255 2674 Verba
278 2610 395 2690 placent
418 2621 448 2673 01
470 2629 547 2692 vox,
569 2621 600 2673 01
618 2610 696 2691 quod
720 2627 912 2690 corrumpere
934 2627 994 2671 non
1012 2617 1074 2688 est3

205 2699 329 2777 Quoque
351 2701 448 2770 minor
471 2717 539 2779 spes
562 2709 629 2779 est,
651 2697 708 2761 hoc
730 2699 824 2778 magis
845 2698 894 2761 ille
917 2699 1015 2781 cupit.

161 2787 221 2848 lam
244 2787 365 2849 dederat
387 2795 492 2849 cantus
514 2786 591 2848 lucis
611 2789 807 2865 praenuntius
828 2784 908 2867 0100,

206 2874 280 2936 Cum
302 2876 437 2937 referunt
458 2877 580 2937 iuvenes
603 2875 635 2935 in
657 2891 710 2935 sua
733 2883 830 2937 caetra
851 2874 974 2957 pedem.

162 2963 299 3041 Carpitur
323 2965 463 3024 attonitos
485 2961 616 3023 absentis
639 2963 765 3041 imagine
787 2980 895 3025 sensus

96 3063 147 3113 770
205 3050 278 3112 1110.
320 3051 487 3112 recordanti
510 3049 596 3129 plura
617 3053 768 3131 magisque
791 3050 925 3129 placent.

162 3138 210 3199 Sic
234 3139 332 3218 sedit,
355 3141 398 3200 sic
422 3137 500 3199 culta
522 3139 601 3216 1011,
624 3135 933 3217 0100100110000711,

205 3225 361 3304 Neglectae
384 3224 459 3287 collo
482 3227 525 3286 sic
548 3227 666 3287 iacuere
689 3240 809 3302 comae,

161 3313 222 3373 llos
246 3313 348 3374 habuit
370 3313 488 3393 voltus,
511 3313 583 3373 haec
606 3310 650 3372 illi
671 3308 760 3371 rerba
783 3309 921 3388 1000001,

206 3400 260 3461 llic
283 3401 387 3479 color,
409 3400 481 3461 haec
504 3399 616 3478 iacies,
639 3396 686 3458 lrio
709 3395 799 3457 decor
821 3397 882 3457 oris
904 3400 986 3457 erat.
1031 3417 1033 3423 ·

96 3500 147 3549 rto
163 3488 200 3550 Ut
223 3487 298 3548 solet
320 3505 337 3546 0
359 3503 464 3565 magno
486 3485 596 3549 lluctus
618 3483 809 3565 languescere
831 3482 922 3567 11010,
