2386 3892
416 175 436 226 1.
456 176 658 227 mnas-xe.
976 176 1037 242 141

128 338 203 400 Haec
227 337 300 399 mihi
318 335 406 398 rerba
430 335 521 398 malae
544 339 718 398 minuerunt
740 336 833 399 taedia
857 339 950 401 utne.

171 427 252 498 Quae
276 433 309 487 tu
331 442 369 486 ne
392 425 503 487 luerint
516 471 524 505 ,
547 424 695 505 Maxime,
718 442 812 507 vana,
835 444 921 489 care.

128 514 190 576 lluc
213 531 333 593 quoque
355 520 512 575 venturum
535 514 605 574 mibi
629 531 662 574 se
684 515 783 575 iurare
806 513 939 597 volebat,

169 602 234 663 Non
259 603 316 662 nisi
339 609 368 662 te
391 600 496 679 longae
517 603 565 662 ius
588 601 644 663 sibi
667 601 754 663 dante
777 603 858 664 viae.

89 703 116 751 35
129 690 198 751 Nam
222 698 273 750 tua
296 707 354 750 non
378 688 434 749 alio
458 688 548 750 coluit
570 690 731 769 penetralia
754 693 832 771 ritu,
996 703 1039 757 issi

171 778 331 839 Terrarum
354 777 488 838 dominos
511 795 599 857 quam
623 777 694 839 colis
717 781 781 857 ipse
804 777 892 841 deos.

129 866 219 927 Crede
243 865 315 926 mihi
328 912 337 946 ,
360 864 468 926 multos
491 865 600 927 habeas
623 884 691 928 cum
714 865 821 945 dignus
845 868 973 949 amicos,

170 954 235 1015 Non
257 955 314 1015 luit
336 972 353 1014 e
376 952 476 1014 multis
499 952 631 1033 quolibet
654 953 703 1015 lile
726 957 841 1016 minor.

130 1041 159 1102 Si
182 1041 268 1102 modo
292 1059 350 1102 nou
375 1059 481 1103 census
504 1060 559 1104 nec
582 1041 694 1105 clarum
718 1060 826 1105 nomen
849 1060 989 1123 ssorum,

88 1141 117 1191 40
173 1129 230 1191 Sed
253 1129 386 1209 probitas
409 1147 529 1208 magnos
552 1133 761 1210 ingeniumque
786 1132 873 1197 iecit.

129 1217 194 1279 lure
217 1221 308 1296 igitur
331 1218 465 1278 lacrimas
489 1217 573 1279 Celso
595 1218 721 1279 libamus
745 1219 899 1301 adempto,

171 1305 244 1366 Cum
268 1307 422 1385 lugerem,
446 1308 510 1367 vivo
533 1324 607 1385 quas
628 1304 711 1367 dedit
732 1306 781 1368 ilie
804 1307 894 1368 milri:

130 1394 263 1456 Carmina
285 1396 351 1455 iure
375 1393 477 1454 damus
500 1411 583 1455 raros
605 1396 744 1456 testantis
768 1412 884 1474 mores,

171 1481 208 1543 Ut
231 1491 281 1542 tua
304 1484 421 1542 venturi
444 1484 583 1562 nomina,
606 1482 713 1563 Celso,
735 1481 851 1562 legent.

87 1581 116 1630 45
131 1569 192 1631 Hoc
214 1578 260 1630 esi
272 1616 281 1650 ,
304 1569 383 1649 quod
406 1573 517 1648 possim
540 1569 651 1632 Geticis
674 1570 727 1633 ilbi
745 1574 864 1632 mittere
887 1568 924 1631 sb
947 1572 1043 1633 srvis:

171 1657 233 1718 iloc
256 1656 352 1718 solum
375 1667 440 1735 est,
467 1660 534 1719 istic
556 1659 635 1738 quod
658 1659 752 1740 liquet
775 1676 842 1721 esse
865 1676 981 1721 meum.

128 1745 242 1806 Funera
265 1763 323 1805 non
346 1746 430 1824 potui
453 1748 614 1826 comitere,
637 1765 692 1809 neo
715 1764 828 1828 ungere
850 1764 977 1828 corpus:

171 1833 252 1912 Aque
276 1835 336 1894 tuis
358 1840 421 1893 toto
443 1832 558 1895 dividor
581 1833 653 1897 orbe
676 1838 774 1914 rogis.

129 1921 187 1992 Qui
208 1922 327 2000 potuit,
349 1937 439 1999 quem
462 1929 494 1982 tu
517 1939 572 2000 pro
594 1925 716 1984 numine
739 1926 823 1985 virus
845 1920 992 2001 babebis,

88 2019 116 2069 to
172 2009 322 2069 Praestitit
344 2008 476 2069 cilicium
498 2008 641 2071 Maximus
664 2028 750 2071 omne
773 2010 845 2072 tibi.

130 2095 180 2156 lile
203 2095 257 2156 tibi
279 2098 419 2176 exequias
441 2104 472 2157 et
494 2099 591 2176 magni
615 2099 704 2159 iunus
727 2098 849 2160 honoris

174 2184 255 2244 Fecit
267 2231 276 2264 ,
300 2187 382 2245 etin
406 2184 518 2262 gelidos
540 2188 633 2246 versit
655 2203 767 2246 amoma
791 2188 892 2266 sinus,

132 2271 220 2332 illinit
242 2279 272 2332 et
294 2270 423 2332 lacrimis
446 2289 581 2333 maerens
604 2282 753 2351 unguenta
775 2273 924 2352 profusis,

174 2358 305 2437 Ossaque
330 2361 424 2420 vicina
446 2358 564 2420 condita
587 2361 661 2420 texit
683 2358 792 2420 humo.

91 2457 118 2505 aa
132 2444 186 2516 Oui
208 2447 347 2527 quoniam
370 2449 510 2507 extinctis
532 2462 608 2526 quse
631 2443 742 2526 debet,
770 2454 903 2525 praestat
924 2446 1044 2529 amieis,

173 2534 211 2594 Et
233 2551 288 2596 nos
310 2536 449 2596 extinctis
471 2534 665 2596 adnumerare
688 2541 803 2614 potest.

521 2726 564 2801 X.

131 2882 204 2945 Naso
228 2902 283 2946 suo
306 2885 451 2965 prologus
473 2888 564 2948 mittit
587 2884 641 2948 tibi
653 2931 664 2966 ,
686 2883 814 2967 Flecte,
835 2882 979 2946 salutem:
1003 2894 1045 2945 ἕω)

172 2973 290 3034 biiitere
311 2991 376 3035 rem
401 2975 517 3054 siquis,
540 2992 599 3054 qua
621 2981 703 3036 caret
724 2976 789 3054 ipse
801 3018 812 3053 ,
834 2979 950 3052 potest.

130 3057 247 3139 Longus
271 3064 350 3122 enim
373 3064 455 3124 curis
476 3064 611 3123 vitiatum
634 3079 744 3141 corpus
765 3061 875 3121 emens

172 3148 238 3209 Non
260 3151 372 3228 patitur
394 3152 473 3211 vires
494 3150 620 3229 languor
642 3148 752 3210 babere
775 3162 861 3207 suas.

107 3234 195 3296 oNec
217 3236 302 3297 dolor
323 3237 402 3298 ullus
425 3237 530 3317 adesi,
552 3254 609 3297 nec
631 3232 765 3297 febribus
787 3248 862 3294 uror
883 3228 1015 3310 anhelis,

173 3323 211 3385 Ei
232 3327 348 3404 peragit
369 3324 449 3386 soliti
471 3342 545 3385 vens
567 3324 681 3384 tenoris
703 3323 778 3382 iter.

131 3409 171 3471 Os
193 3412 285 3472 hebes
309 3420 377 3493 est,
399 3412 572 3492 positaeque
594 3417 714 3471 movent
735 3405 851 3468 lastidis
874 3423 1011 3487 mensae,

173 3497 211 3560 Ei
233 3517 366 3581 queror,
388 3501 476 3561 invisi
498 3516 567 3559 cum
590 3499 672 3558 renit
693 3496 766 3557 bora
788 3493 865 3557 cibi.
