2386 3892
1005 170 1066 224 xlx

56 323 246 406 πλεόντων,
273 349 331 390 non
357 334 392 388 ut
418 331 543 390 licenter
571 333 652 391 stella
674 332 711 391 de
735 332 907 393 Castoribus
930 335 1066 412 intellegi

55 417 164 495 possit,
189 435 262 493 quos
284 435 338 477 nec
360 417 519 493 Euripides
542 419 610 479 Hel.
630 422 713 480 1499
738 421 783 481 El.
804 425 865 482 991
892 423 972 481 aliud
995 424 1065 499 quid

57 524 150 581 quam
165 504 321 578 λαμπρῶν
335 500 460 580 ἄετρων
473 500 532 565 ὑπ’
550 502 678 567 ἀέλλαις
693 512 723 566 et
736 506 903 584 φλογερὰν
917 505 1015 585 αἰθέρ’
1028 509 1065 572 ἐν

57 588 186 666 &crpore
219 588 319 652 ναίειν
352 597 489 653 testatur.
545 595 581 653 de
614 596 740 655 veritate
773 598 957 658 coniecturae
990 599 1065 658 nibil

49 681 231 756 receperim.
281 701 308 741 v.
337 682 400 742 576
434 683 539 757 scripsi
566 681 727 760 Argolicis,
760 690 934 761 argumento
962 691 1064 762 postu·

56 770 154 844 lanto,
187 786 244 827 usu
271 772 377 842 poetae
409 771 610 845 permittente,
666 772 717 830 cfr.
746 773 859 832 Neuius
892 774 907 831 I
935 793 962 848 p.
993 777 1064 835 318.

57 857 201 916 Ellisium
225 873 382 931 occupasse
405 858 493 916 modo
513 858 630 917 demum
648 859 746 918 uideo:
770 880 828 936 quo
848 859 1000 920 admoneri
1018 881 1064 921 me

57 945 215 1021 intellego,
248 944 456 1004 discedendum
488 946 526 1004 ab
554 947 694 1021 opusculo
727 949 878 1025 exagitato
907 968 970 1008 esse
998 969 1065 1009 cum

57 1033 233 1109 gratissima
255 1032 378 1091 editoris
400 1033 576 1092 meritorum
599 1035 802 1094 recordatione
826 1040 857 1096 et
879 1038 1030 1098 memoria.

148 1120 253 1196 Siquid
279 1121 311 1178 in
338 1121 421 1179 Ibide
451 1122 604 1181 molestius
631 1122 695 1180 fere
728 1142 817 1198 quam
845 1143 963 1184 necesse
991 1129 1064 1201 erat,

58 1209 261 1284 disceptatum
290 1211 348 1283 est,
378 1209 410 1266 in
436 1209 566 1268 Ponticis
593 1210 750 1284 respiratio
779 1211 911 1287 dabitur,
939 1232 1065 1287 quorum

58 1297 137 1355 ratio
160 1297 274 1371 eadem,
298 1297 350 1355 sed
372 1297 503 1372 apertior
525 1298 556 1354 in
578 1300 662 1356 tanto
685 1298 828 1371 ampliore
851 1300 985 1358 materia.

147 1385 284 1443 Lacunas
314 1385 488 1444 manifestas
515 1385 546 1442 in
572 1385 657 1442 libris
680 1387 781 1442 extare
804 1385 887 1443 vides
909 1389 1064 1461 quattuor:

58 1477 128 1548 post
154 1490 275 1531 versum
302 1472 317 1530 I
344 1485 370 1531 11
398 1476 451 1547 11,
481 1473 608 1549 paginae
635 1473 792 1548 archetypi
816 1465 878 1554 (4);
909 1477 978 1549 post
999 1495 1027 1534 v.
1050 1475 1065 1533 Ι

58 1573 123 1619 vm
153 1563 207 1635 19,
234 1560 361 1636 paginae
385 1552 469 1640 (27),
501 1564 569 1635 post
595 1579 623 1620 v.
646 1560 677 1618 H
701 1573 726 1619 11
755 1563 795 1621 32
827 1561 953 1638 paginae
977 1555 1064 1643 (39);

58 1650 130 1725 post
158 1648 394 1708 v.IH111143
424 1648 550 1724 paginae
573 1641 675 1729 (110).
727 1649 840 1708 aceedit
867 1653 973 1726 quarto
1000 1651 1064 1710 loco

61 1737 210 1811 habenda,
233 1755 322 1811 quam
341 1735 466 1794 schedae
488 1736 622 1812 integrae
645 1737 773 1796 indicavi
795 1741 863 1813 post
885 1758 913 1799 v.
927 1738 957 1795 H
977 1753 999 1796 v
1016 1740 1064 1797 36.

148 1823 262 1882 Earum
284 1825 396 1899 primae
415 1824 447 1881 in
464 1823 685 1900 Hamburgensi
702 1826 818 1883 nullum
836 1825 984 1900 indicium,
1007 1826 1065 1884 nisi

58 1912 139 1970 forte
163 1911 282 1987 signum
305 1915 434 1970 extremo
457 1912 557 1970 versui
579 1916 616 1971 11
642 1912 825 1988 adpositum,
852 1915 939 1986 fateri
961 1907 999 1992 ·f,
1022 1914 1066 1971 ita

59 1999 335 2076 interpretandum,
358 2000 445 2074 quale
469 2000 737 2060 etiamIIvl142
762 2003 894 2060 extremo
918 2000 1065 2059 adiectum

59 2091 164 2146 monet
186 2106 214 2148 v.
238 2089 279 2146 43
304 2086 405 2146 deesse
427 2087 459 2146 in
482 2088 593 2162 ordine,
616 2089 668 2163 qui
690 2089 863 2168 subiunctus
886 2089 916 2146 in
939 2088 996 2144 fine
1015 2106 1065 2161 pa-

60 2176 159 2250 ginae,
182 2179 328 2250 quantum
350 2175 459 2247 notavi,
482 2194 542 2234 non
564 2177 672 2235 iterato
692 2176 785 2251 signo.
839 2176 917 2234 idem
935 2175 1066 2250 positum

61 2263 76 2320 I
100 2275 128 2321 11
152 2264 192 2322 89
217 2265 249 2322 et
273 2266 327 2338 91,
358 2264 410 2321 sed
431 2263 615 2339 ineuntibus,
642 2283 670 2322 v.
694 2266 736 2323 90
760 2263 881 2339 omiss03
904 2281 991 2338 quern
1014 2262 1064 2319 ad·

60 2350 183 2409 modum
206 2350 285 2427 quod
308 2350 462 2409 adnotavit
484 2352 567 2410 Korn
589 2351 621 2408 in
642 2367 730 2409 versu
753 2351 923 2423 1111108,
947 2349 1066 2406 distichi

62 2439 215 2513 absumpti
245 2441 348 2497 notam
379 2438 472 2497 fuisse
504 2442 585 2515 puto.
641 2438 811 2495 hexametro
839 2436 854 2493 I
882 2448 908 2492 11
933 2438 970 2492 11
997 2435 1065 2492 aub-

61 2526 197 2601 iungitur
214 2544 269 2600 pro
288 2529 475 2600 pentametro
497 2530 545 2602 13,
565 2526 729 2601 sequuntur
745 2525 785 2581 14
807 2525 846 2582 15
862 2540 916 2596 pro
931 2521 1066 2597 disticho,

60 2613 257 2689 pentametris
276 2615 446 2690 praeposito
466 2633 497 2687 o,
516 2615 700 2687 hexametro,
720 2610 799 2686 quod
816 2609 944 2685 mireriS,
963 2609 1066 2669 eodem

61 2703 115 2760 illo
142 2696 192 2778 ·..l
244 2719 364 2762 versum
393 2705 432 2760 12
462 2702 532 2759 olim
564 2701 677 2760 scribae
705 2699 895 2775 neglegentia
925 2699 1066 2758 excidisse

59 2790 214 2865 putabam,
233 2808 321 2864 quem
340 2788 499 2849 admodum
516 2793 639 2863 propter
656 2789 798 2846 iteratum
816 2789 904 2847 biems
923 2781 1065 2867 (hyerups)

60 2878 213 2938 distichon
236 2879 276 2938 27
303 2880 343 2936 28
370 2871 441 2955 (non
459 2876 537 2951 quod
555 2876 639 2936 Korn
656 2868 798 2957 scripsit),
823 2878 853 2934 et
871 2878 992 2949 propter
1009 2875 1068 2931 Ille

10 3002 13 3032 ÷
60 2968 121 3026 Ille
150 2984 254 3025 versus
289 2967 329 3025 36
363 2958 436 3044 (non
469 2958 525 3044 34)
544 2965 590 3022 ¹iu
619 2962 726 3023 Hamb.
759 2962 937 3022 exciderunt.
991 2977 1067 3018 nunc

10 3050 13 3087 ²
60 3055 138 3113 illud
161 3072 208 3111 me
231 3053 358 3112 maxime
378 3053 515 3125 advertit,
539 3052 618 3128 quod
635 3052 713 3110 inter
728 3052 851 3110 omissos
865 3050 1067 3123 pentametros

62 3145 103 3200 12
128 3143 161 3198 et
180 3143 231 3208 36,
256 3141 281 3199 si
301 3144 342 3200 27
368 3143 408 3201 28
429 3141 519 3199 etiam
537 3141 568 3197 in
586 3140 747 3214 archetypo
765 3140 829 3197 loco
844 3139 957 3194 motum
976 3133 1068 3192 fuisse

59 3231 162 3303 putes,
194 3228 253 3303 ipsi
275 3240 350 3287 xxll
377 3247 480 3287 versus
508 3227 632 3286 schedae
660 3243 782 3285 aversae
804 3224 961 3281 intersunt.
1017 3222 1069 3279 sed

60 3314 202 3375 credibile
225 3318 359 3391 nonest,
382 3334 400 3374 a
423 3315 580 3373 diorthotis
600 3317 652 3372 aut
670 3312 799 3371 librariis
818 3310 887 3368 ullis
907 3310 1068 3384 archetypo

60 3404 213 3479 pleniores
231 3404 346 3462 codices
364 3405 524 3476 consultos,
543 3405 595 3459 aut
613 3419 732 3460 versum
747 3401 788 3458 36
807 3397 888 3456 felici
901 3397 1070 3456 coniectura

62 3492 234 3568 suppletum
253 3509 327 3552 esse.
381 3491 482 3565 itaque
496 3492 613 3548 tantum
631 3503 734 3547 versus
756 3490 794 3545 11
814 3487 951 3546 lacunam
969 3487 1069 3542 statue

819 3583 860 3638 b*
