2386 3892
90 168 156 233 280
499 169 692 221 onerosum

114 332 230 395 7551115
254 333 331 394 cadit
354 350 497 411 praeceps
521 340 550 393 57
573 331 653 393 57155
676 332 782 394 seritur
806 331 907 415 aselli,
953 407 956 412 Ι

223 419 421 500 inclamatque
446 438 516 481 suos
539 419 739 499 auxihumque
761 427 867 500 rogat.

179 507 368 570 Concurrunt
391 509 502 588 satyri,
525 510 735 587 turgentiaque
758 525 810 569 ora
833 510 963 587 parentis

222 595 352 658 Rident:
384 613 526 676 percusso
551 595 695 657 claudicat
717 594 766 656 1117
789 613 886 673 genu.

178 684 265 745 Ridet
287 691 316 745 57
338 686 403 762 ipse
427 684 520 758 deus,
544 684 706 762 limumque
730 683 872 745 inducere
894 692 1050 768 monstrat3

112 785 163 834 700
222 771 276 832 Η15
300 780 385 850 paret
407 773 527 832 monitis
551 780 581 832 ct
604 771 669 832 linit
691 789 743 832 ora
765 770 845 834 luto.

177 859 263 921 Melle
286 868 370 938 pater
393 861 524 921 fruitur.
568 858 686 939 liboque
709 859 808 920 intusa
830 858 937 922 calenti

222 946 290 1008 lure
313 949 461 1027 repertori
484 947 606 1008 candida
629 945 714 1007 mella
738 946 860 1009 damus.

177 1033 297 1095 Femina
321 1053 375 1096 cur
398 1043 535 1116 presset,
558 1043 683 1097 nonest
705 1036 828 1096 rationis
851 1045 989 1116 opertae:

221 1122 376 1182 Femineos
400 1122 501 1202 thyrso
526 1125 655 1184 concitat
676 1122 725 1183 iiie
749 1122 874 1184 choros.

111 1222 162 1272 705
178 1209 238 1271 Cur
261 1228 334 1270 anus
357 1210 414 1272 hoc
437 1210 546 1290 175177,
569 1207 719 1290 quaeris?
750 1213 881 1272 vinosior
904 1220 985 1273 75777

221 1297 300 1359 11755
325 1306 409 1379 5777,
433 1306 463 1360 77
485 1299 620 1376 gravidae
644 1316 768 1359 munera
790 1300 859 1359 vitis
881 1316 1000 1362 amans.

178 1386 237 1447 Cur
259 1386 369 1447 hedera
392 1388 488 1448 cincta
510 1382 587 1448 est?
618 1386 728 1447 hedera
750 1394 797 1449 577
819 1388 986 1466 gratissima

962 1474 1086 1537 Baccho.

221 1561 283 1623 Hoc
307 1580 425 1642 quoque
449 1580 503 1623 cur
525 1565 566 1623 ita
589 1563 649 1642 sit,
672 1562 772 1623 dicere
795 1562 875 1624 nulla
897 1581 981 1625 mora
1003 1571 1062 1625 577.

176 1649 317 1728 Nysiadas
341 1650 483 1729 nymphas
505 1667 632 1729 puerum
656 1658 816 1730 quaerente
840 1668 967 1713 noverca
1031 1668 1036 1677 ·

110 1750 161 1798 770
221 1736 302 1797 Hanc
326 1738 460 1797 frondem
484 1741 569 1799 cunis
592 1740 765 1817 opposuisse
788 1739 906 1800 ierunt.

176 1823 300 1903 Restat,
323 1833 356 1885 ut
379 1827 548 1906 inveniam,
571 1844 663 1905 quare
686 1833 753 1904 toga
775 1824 869 1889 libera
892 1826 980 1888 detur

220 1911 358 1972 Lucifero
380 1914 504 1993 pueris,
528 1913 651 1975 candide
674 1913 810 1994 Bacche,
834 1923 904 1977 tuo.

178 1999 244 2059 Sive
269 1999 347 2077 quod
371 2001 434 2078 ipse
458 2019 534 2079 puer
557 2019 674 2080 semper
697 2003 872 2082 iuvenisque
894 2002 1022 2082 rideris,

219 2086 257 2146 Et
280 2087 375 2148 media
400 2097 445 2148 777
467 2097 547 2150 75777
569 2092 648 2150 inter
670 2098 831 2169 utrumque
855 2089 928 2172 tibi3

111 2187 161 2237 775
178 2174 237 2235 Seu
262 2165 330 2253 quia
353 2184 386 2236 tu
408 2185 492 2256 pater
516 2196 569 2255 57,
592 2185 692 2256 patres
715 2195 768 2238 sua
790 2179 936 2257 pignora,
959 2185 1043 2239 natos

220 2263 432 2324 Commendant
455 2283 543 2326 curae
567 2265 798 2344 numinibusque
820 2268 899 2329 tuis:

176 2351 266 2431 Sive,
290 2352 368 2431 quod
392 2371 425 2414 es
447 2351 558 2432 Liher,
581 2355 671 2413 777717
694 2371 813 2432 quoque
835 2353 929 2416 libera
950 2370 1005 2433 per
1026 2362 1055 2415 te

221 2440 355 2502 Sumitur
378 2450 408 2501 57
430 2441 506 2502 71775
530 2440 677 2501 liberioris
700 2444 775 2502 iter:

175 2529 218 2589 dn
244 2531 334 2608 quia,
358 2547 426 2590 cum
450 2529 582 2589 colerent
604 2531 695 2608 prisci
719 2528 881 2591 studiosius
903 2547 1007 2610 agros,

110 2628 161 2677 770
220 2616 258 2676 Et
281 2618 392 2678 iaceret
414 2618 510 2695 patrio
533 2635 604 2678 rure
628 2625 747 2677 senator
770 2635 863 2698 opus,

174 2701 213 2763 Et
236 2713 355 2782 caperet
378 2706 472 2766 fasces
496 2723 512 2764 a
535 2722 625 2765 curvo
649 2702 753 2766 consul
776 2710 901 2787 777770,

218 2790 279 2850 Ν55
303 2795 414 2853 crimen
439 2793 528 2854 duras
551 2799 631 2853 57757
652 2792 762 2853 hahere
785 2811 907 2871 manuS,

176 2877 317 2938 Rusticus
341 2879 376 2939 ad
400 2880 485 2941 ludos
508 2881 635 2960 populus
659 2879 794 2941 veniebat
816 2883 847 2941 in
871 2879 980 2942 Urbem
1003 2914 1038 2924 -

220 2965 276 3026 Sed
301 2966 369 3046 dis,
392 2985 452 3027 non
476 2969 583 3029 studiis
605 2968 654 3029 iiie
678 2968 801 3030 dabatur
824 2968 938 3031 honor:

109 3067 159 3117 785
174 3054 254 3116 Luce
278 3073 330 3116 sua
354 3053 438 3116 ludos
462 3074 534 3116 uvae
558 3063 742 3118 commentor
765 3055 909 3135 habebat,

219 3143 299 3214 Quos
322 3162 390 3205 cum
414 3144 555 3204 taedifera
578 3162 657 3206 nunc
680 3142 770 3205 habet
791 3143 840 3205 ille
863 3144 919 3206 dea
942 3175 976 3187 —

173 3230 251 3310 Ergo
274 3239 308 3292 ut
331 3235 457 3293 tironem
481 3231 631 3294 celebrare
654 3233 821 3311 frequentia
844 3238 963 3313 posset,

217 3319 284 3380 Visa
308 3320 371 3382 dies
395 3320 506 3382 dandae
529 3338 589 3381 non
612 3319 706 3380 aliena
729 3316 840 3398 togae?

173 3405 242 3467 Mite
266 3417 376 3488 caput,
399 3417 505 3489 pater,
528 3407 587 3469 huc
610 3407 781 3486 placataque
805 3425 917 3470 cornua
935 3413 1047 3485 757177,

107 3503 158 3553 770
216 3492 255 3552 Et
277 3494 470 3583 des-ingenio
493 3495 557 3557 7717
580 3495 710 3556 secunda
732 3493 816 3557 maoi
