2386 3892
396 175 441 225 IV.
461 186 507 224 xn
524 176 707 225 19-x11135.

502 371 597 444 XIII.

137 514 160 574 Ο
184 513 257 573 mihi
281 531 339 573 non
364 512 471 572 dubios
492 514 569 572 inter
592 514 780 574 memorande
805 511 936 591 sodales,

181 602 238 673 Qui
261 601 339 679 quod
364 619 396 661 es
409 647 417 679 ,
442 600 470 660 id
494 618 584 679 vere,
609 600 703 682 Care,
727 604 840 661 vocaris
853 649 862 680 ,
885 618 954 660 ave.

136 689 219 750 Unde
244 689 402 766 saluteris,
427 687 507 747 color
531 688 579 748 hic
603 688 656 748 tibi
680 691 816 765 protinus
839 688 927 749 index

179 777 217 837 Et
240 784 389 837 structura
413 779 471 835 mei
495 778 634 835 carminis
658 794 722 836 esse
747 784 861 854 potest.

106 864 201 925 5Non
225 867 293 943 quia
316 865 438 923 mirifica
463 872 508 924 est
521 911 529 943 ,
553 864 604 923 sed
627 864 705 942 qnod
729 881 784 923 nec
807 863 923 942 publica
952 870 1051 923 certe:

181 952 281 1022 Qualis
305 953 381 1011 enim
406 969 533 1029 eumque
558 961 602 1011 est
614 998 624 1032 ,
647 969 705 1011 non
730 951 800 1011 latet
823 969 888 1011 esse
912 968 1023 1010 meam⁴

136 1040 202 1119 lpse
226 1058 344 1118 quoque
356 1085 366 1119 ,
389 1047 423 1099 ut
446 1038 564 1099 titulum
588 1039 706 1100 chartae
730 1039 765 1099 de
791 1039 886 1099 lronte
910 1036 1053 1118 revellas,

181 1127 265 1197 Quod
290 1130 327 1187 sit
351 1145 446 1206 opus,
471 1128 572 1187 videor
596 1127 694 1188 dicere
718 1145 827 1206 posse,
851 1135 952 1188 tirum.

138 1214 304 1284 Quamlibet
327 1217 357 1274 in
381 1215 481 1274 multis
505 1217 619 1292 positus
643 1233 766 1275 noscere
789 1215 913 1294 libellis,

89 1316 122 1364 10
180 1303 296 1381 Perque
321 1302 489 1363 observatas
513 1304 664 1362 inveniere
687 1310 788 1362 notas.

136 1391 266 1451 Prodent
290 1399 440 1451 auctorem
463 1392 558 1464 vites,
583 1404 656 1468 quas
679 1389 806 1450 Hercule
831 1389 932 1468 dignas

181 1478 320 1539 Novimus
345 1487 432 1557 atque
456 1477 498 1538 llli
511 1526 520 1558 ,
544 1496 631 1556 quem
655 1479 736 1538 canis
749 1523 758 1557 ,
783 1494 848 1537 esse
871 1493 975 1554 pares.

137 1567 175 1626 Et
197 1585 261 1626 mea
285 1567 366 1627 Musa
391 1573 488 1646 potest
511 1568 631 1644 proprio
656 1566 799 1645 deprensa
823 1565 941 1644 colore,

181 1654 307 1732 Insignis
330 1656 408 1714 vitiis
433 1655 554 1714 forsitan
579 1672 643 1714 esse
668 1657 747 1714 suis.

91 1754 122 1802 15
138 1742 209 1802 Tam
233 1742 307 1802 mala
331 1742 487 1802 Thersiten
511 1741 685 1820 prohibebat
707 1743 800 1801 forma
823 1741 937 1821 latere,
992 1752 1053 1801 (1³⁸)

181 1829 274 1900 Quam
298 1828 420 1907 pulchra
444 1829 551 1890 Nireus
576 1830 802 1909 conspiciendus
826 1836 904 1890 crat.

137 1918 197 1978 Nec
221 1926 250 1977 te
274 1919 397 1997 mirari,
421 1919 446 1977 si
469 1919 528 1977 sint
551 1920 675 2065 vitioxa,
700 1916 815 1977 decebit

181 2005 337 2086 Carmina,
363 2023 436 2083 quae
461 2006 563 2065 laciam
586 2024 640 2084 pae
663 2024 679 2065 c
703 2012 788 2084 poeta
813 2004 917 2064 Getes

137 2093 177 2153 Al
201 2093 314 2171 pudet,
338 2100 368 2152 et
391 2092 492 2153 Getico
517 2096 622 2172 scripsi
646 2112 780 2154 sermone
804 2092 952 2169 libellum,

89 2193 124 2242 20
183 2181 361 2259 Structaque
385 2189 455 2241 sunt
478 2183 588 2240 nostris
611 2181 734 2241 barbara
757 2179 845 2241 verba
869 2179 981 2239 modis

138 2268 176 2328 Et
199 2268 311 2347 placui,
330 2280 495 2347 -gratare
520 2268 591 2327 mihi
609 2301 645 2310 -
663 2271 805 2346 coepique
829 2274 932 2347 poetae

182 2356 262 2417 Inter
286 2357 461 2416 inhumanos
485 2373 592 2415 nomen
616 2354 724 2414 babere
748 2354 852 2414 Getas.

138 2444 289 2504 Materiam
313 2439 461 2522 quaeris?
493 2443 594 2503 laudes
617 2442 653 2502 de
678 2441 800 2501 Caesare
824 2440 901 2500 diri.

183 2532 288 2592 Adiuta
313 2541 358 2592 est
380 2533 493 2592 novitas
517 2533 637 2591 numine
661 2537 761 2590 nostra
784 2527 848 2588 dei.

90 2632 122 2680 25
137 2620 210 2679 Nam
234 2622 325 2697 patris
349 2620 474 2698 Augusti
497 2620 583 2679 docui
607 2616 729 2678 mortale
752 2617 844 2677 luisse

182 2707 319 2786 Corpus,
342 2710 372 2767 in
397 2707 541 2767 aetherias
565 2724 674 2766 numen
698 2705 793 2766 abisse
816 2705 937 2766 domos:

138 2794 211 2855 Esse
235 2813 337 2873 parem
360 2797 468 2855 virtute
492 2796 591 2875 patri,
615 2795 666 2873 qui
690 2794 771 2854 frena
795 2801 914 2873 rogatus

183 2882 277 2960 Saepe
301 2886 429 2943 recusati
453 2885 566 2960 ceperit
588 2882 721 2961 imperii.

137 2969 212 3030 Esse
236 2968 409 3048 pudicarum
433 2977 463 3030 te
486 2969 624 3050 Vestam,
648 2969 751 3050 Livia,
774 2977 919 3047 matrum,

90 3071 123 3118 30
183 3057 382 3138 AmbIguum,
405 3065 473 3118 nato
497 3058 635 3138 dignior,
658 3075 733 3117 anne
758 3059 840 3117 viro.

137 3145 211 3206 Esse
236 3147 310 3206 duos
334 3149 478 3224 invenes,
501 3145 584 3205 flrma
607 3146 774 3205 adiumenta
797 3141 947 3221 parentis,

183 3234 241 3303 Qui
265 3234 400 3294 dederint
423 3234 512 3293 animi
534 3235 656 3312 pignora
680 3237 760 3290 certa
784 3230 850 3288 sui.

137 3321 216 3382 Haeo
241 3321 292 3382 ubi
315 3339 373 3382 non
397 3323 490 3400 patria
513 3320 626 3398 perlegi
649 3319 757 3395 scripta
781 3315 923 3394 Camena,

183 3408 269 3469 Venit
292 3420 321 3470 et
344 3408 379 3470 ad
404 3408 511 3487 digitos
533 3407 636 3468 ultima
660 3403 759 3464 charta
782 3419 881 3484 meos,

91 3508 123 3556 35
138 3497 176 3557 Et
200 3504 288 3575 caput
312 3506 341 3557 et
364 3496 465 3574 plenas
489 3512 591 3556 omnes
614 3508 733 3554 movere
757 3490 928 3572 pharetras,
