2386 3892
91 189 153 251 108
290 228 292 232 Α
537 189 647 239 mnus

176 350 278 431 Deque
301 359 352 413 tuo
376 353 428 412 1111
446 384 478 394 -
497 351 567 413 licet
588 351 643 412 hac
667 352 708 412 sis
730 349 815 412 laude
839 350 987 430 superbus
1005 385 1041 396 -

220 438 438 500 Insatiabilibus
462 457 586 518 corpore
609 441 672 500 rixa
694 439 790 518 lupis.

177 526 211 589 ln
233 527 297 588 loca
320 527 356 588 ab
380 526 486 606 Elysiis
509 529 624 588 diversa
647 525 791 588 vocabere
814 529 943 609 campis,

222 614 359 695 Quasque
383 623 465 677 tenet
488 615 574 676 sedes
597 617 683 676 noxia
705 614 792 675 turba
805 661 814 695 ,
838 614 935 676 coles.

112 715 162 765 111
178 702 322 782 Sisyphus
346 712 391 765 est
413 703 473 764 illic
496 721 599 763 saxum
621 702 800 782 volvensque
822 709 1005 784 petensque,

222 791 339 870 Quique
362 793 458 870 agitur
481 791 599 871 rapidae
622 793 739 851 vinctus
763 789 798 851 ab
822 789 894 851 orbe
918 799 1018 870 rotae,

178 878 318 958 Quaeque
342 887 451 958 gerunt
472 881 583 940 umeris
606 881 754 958 perituras
777 877 894 939 Belides
916 879 1029 959 undas,
1061 883 1074 933 (1

221 967 323 1028 Exulis
346 968 490 1047 Aegypti,
513 965 601 1027 turba
625 976 769 1047 cruenta,
792 984 907 1027 nurus.

177 1052 266 1114 Poma
289 1062 374 1133 pater
396 1054 514 1133 Pelopis
536 1056 705 1133 praesentia
728 1056 866 1134 quaerit,
889 1062 920 1115 11
941 1054 1020 1115 idem

113 1154 163 1204 180
224 1141 347 1221 Semper
371 1151 459 1223 eget,
482 1141 600 1220 liquidis
624 1160 741 1222 semper
764 1141 894 1203 abundat
916 1144 1017 1222 aquis;

177 1228 391 1308 Iugeribusque
415 1247 520 1290 norem
544 1247 677 1291 summus
700 1231 752 1308 qui
774 1231 863 1291 distat
886 1229 923 1290 ab
946 1233 1022 1312 imo,

221 1317 399 1397 Visceraque
422 1317 557 1383 assiduae
581 1318 679 1378 debita
701 1317 824 1396 praebet
846 1320 909 1378 ari.

176 1405 231 1466 llic
254 1406 309 1467 tibi
331 1407 367 1466 de
390 1404 489 1467 Furiis
513 1406 627 1467 scindet
649 1405 725 1466 latus
749 1424 807 1467 una
830 1405 963 1488 tlagello,

221 1492 259 1554 Ut
282 1494 402 1554 sceleris
425 1511 566 1554 numeros
590 1494 749 1555 confiteare
771 1496 837 1554 tui:

112 1591 161 1643 181
175 1581 275 1641 Altera
298 1580 446 1642 Tartareis
469 1589 567 1642 sectos
590 1581 671 1642 dabit
692 1580 838 1660 anguibus
860 1590 960 1642 artus:

221 1668 321 1729 Tertia
344 1669 490 1729 fumantes
514 1672 654 1749 incoquet
677 1671 745 1748 igne
768 1687 880 1748 genas.

176 1755 269 1816 Noxia
293 1755 371 1816 mille
394 1756 489 1817 modis
513 1756 690 1817 lacerabitur
712 1756 840 1837 umbra,
863 1764 989 1837 tuasque

89 1923 91 1928 Ι
221 1843 336 1904 Aeacus
359 1846 389 1904 in
412 1862 522 1923 poenas
545 1846 717 1923 ingeniosus
740 1847 814 1906 erit.

176 1929 209 1991 ln
232 1939 262 1991 te
285 1931 463 1992 transcribet
485 1940 619 1993 veterum
642 1939 790 1993 tormenta
812 1950 952 1993 reorum:

112 2032 162 2080 190
216 2017 367 2080 Omnibus
390 2022 519 2099 antiquis
542 2038 629 2080 causa
652 2022 761 2098 quietis
784 2022 861 2081 eris.

177 2105 323 2187 Sisyphe,
347 2109 396 2168 cui
419 2107 517 2167 tradas
540 2106 702 2169 revolubile
725 2107 863 2188 pondus,
886 2107 1024 2169 habebis:

220 2193 387 2257 Versabunt
410 2195 522 2257 celeres
544 2214 624 2257 nuno
646 2214 720 2256 nova
744 2195 875 2270 membra
898 2203 998 2257 rotae:

176 2281 232 2343 llic
256 2285 387 2362 eterit,
410 2301 508 2344 ramos
531 2284 641 2345 irustra
665 2287 716 2362 qui
739 2291 837 2363 captet
859 2291 890 2345 et
913 2285 1023 2345 undas:

219 2370 275 2432 llic
298 2374 505 2450 inconsumpto
528 2374 642 2432 viscere
665 2380 767 2450 pascet
789 2389 875 2433 aves.

112 2458 237 2520 1911111
261 2463 365 2521 mortis
387 2478 497 2539 poenas
520 2478 601 2520 mors
624 2459 716 2521 altera
738 2461 821 2520 liniet
843 2459 951 2540 huius,

219 2547 358 2628 Horaque
381 2551 439 2610 erit
462 2550 551 2609 tantis
574 2547 677 2608 ultima
698 2547 779 2608 nulla
801 2546 903 2608 malis.

174 2634 245 2696 lnde
269 2655 323 2715 ego
346 2654 440 2715 pauca
463 2654 565 2696 canam
578 2683 587 2715 ,
610 2635 731 2697 irondes
754 2643 788 2697 ut
811 2637 904 2713 siquis
927 2633 963 2696 ab
986 2634 1034 2695 lda

219 2723 278 2783 hut
300 2741 445 2784 summam
467 2723 576 2802 Libyco
601 2723 637 2783 de
660 2741 741 2784 mare
765 2730 866 2801 carpat
889 2740 1011 2802 aquam.

174 2809 248 2870 Nam
267 2828 363 2889 neque
383 2820 455 2890 quot
472 2811 562 2871 liores
577 2810 675 2872 Sicula
693 2820 853 2871 nascantur
870 2813 902 2871 11
922 2809 1027 2890 Hybla,
1045 2819 1073 2870 (ιο

109 2909 161 2960 200
221 2896 335 2968 Quotve
359 2899 434 2958 11111
446 2946 455 2978 ,
478 2898 596 2980 dicam,
619 2907 698 2960 terra
722 2899 826 2960 Cilissa
849 2917 972 2979 crocos,

54 3001 56 3004 ⁴
176 2985 238 3046 Nec
262 3003 330 3046 cum
353 2987 447 3046 tristis
470 2985 566 3046 hiems
588 2986 741 3065 Aquilonis
763 2987 914 3047 inhorruit
936 2985 1007 3066 ahs,

220 3072 314 3144 Quam
337 3072 501 3134 multabat
524 3074 665 3153 grandine
690 3092 781 3136 canus
804 3073 913 3154 Athos3

174 3161 235 3222 Nec
259 3161 333 3222 mala
356 3179 427 3222 voce
451 3180 515 3222 mea
537 3170 678 3242 poterunt
701 3170 751 3223 tua
774 3170 882 3223 cuncta
904 3162 1026 3240 referri,

219 3249 279 3311 Ora
301 3248 371 3310 licet
393 3249 507 3310 tribuas
531 3249 721 3329 multiplicata
745 3250 834 3313 mihi.

110 3348 161 3397 205
175 3337 232 3398 Tot
254 3337 309 3398 tibi
327 3337 402 3398 vae!
439 3340 548 3398 misero
572 3340 691 3399 venient
713 3337 845 3416 talesque
868 3339 988 3415 ruinae,

219 3423 258 3485 Ut
281 3428 347 3504 cogi
370 3429 400 3486 in
424 3425 558 3487 lacrimas
582 3443 628 3486 me
652 3444 770 3505 quoque
793 3443 882 3505 posse
904 3432 1019 3506 putem.

174 3511 243 3573 11111
267 3530 313 3572 me
336 3512 473 3574 lacrimae
496 3514 604 3574 facient
626 3515 690 3575 sine
712 3513 771 3574 line
794 3512 933 3575 beatum:
