2386 3892
472 187 518 238 ru.
537 190 685 240 ean-ooo.
1010 189 1075 256 309

203 347 288 409 Nunc
312 349 420 430 deeet3
442 367 459 410 8
482 347 582 412 Siculo
604 352 725 412 nomina
746 351 821 414 88118
844 361 964 416 tonent:

158 435 256 515 thue
280 436 441 526 Syracusas
463 438 656 500 Arethusidas
679 439 801 503 8188888118
823 443 914 503 armis

204 524 365 601 Claudius,
388 533 420 586 et
441 524 518 586 188118
542 535 572 588 88
595 545 713 606 quoque
737 531 816 609 oepit
828 574 838 610 ,
860 528 957 611 Eryx,

90 625 143 674 888
160 612 296 675 Carmine
320 615 427 675 vivacis
451 613 550 675 Venus
573 623 620 676 est
643 615 783 678 translato
805 616 949 700 Sibyllae,

203 701 296 780 Inque
319 720 390 762 suae
414 704 517 782 stirpis
539 701 641 763 maluit
665 701 743 765 Urbe
766 703 840 767 8811.

159 789 219 850 Cur
241 793 331 868 igitur
355 789 479 850 Veneris
502 790 611 851 festum
634 789 744 852 Vinalia
767 791 883 873 81188888,

204 877 375 960 Quaeritis,
398 886 428 943 et
451 896 544 956 quare
566 879 606 940 sit
628 878 704 940 18818
726 882 782 942 1888
805 877 895 943 dios?

160 967 301 1046 Turnus,
325 984 361 1027 an
384 967 498 1028 deneas
521 965 621 1029 Latino
643 985 736 1047 gener
758 979 838 1031 esset
860 969 996 1050 8888888,

93 1067 144 1117 888
204 1055 317 1117 Bellum
341 1063 426 1116 erat:
459 1054 601 1117 Etruscas
623 1056 744 1118 Turnus
766 1058 886 1138 adoptet
907 1075 995 1138 opes.

160 1142 263 1204 Giarns
287 1154 351 1204 erat
374 1146 560 1223 sumptisque
583 1145 667 1206 ierox
689 1143 851 1208 Mezentius
873 1149 982 1227 8888818,

205 1231 242 1292 Et
266 1231 312 1292 vei
335 1249 411 1311 equo
435 1250 559 1312 magnus
571 1277 581 1313 ,
604 1232 650 1294 vei
672 1233 746 1313 pede
770 1235 864 1296 888188
885 1242 965 1297 erat.
1100 1298 1103 1303 .

161 1319 256 1389 Quem
278 1319 382 1381 Rutuli
404 1319 582 1399 Turnusque
605 1322 668 1383 suis
691 1323 838 1383 8881888888
859 1328 985 1400 temptet

205 1408 365 1469 Partibus.
406 1408 479 1470 18888
502 1417 605 1470 888888
628 1409 689 1471 dux
710 1411 752 1472 188
774 1408 891 1471 ’1888888
912 1411 970 1471 ait:

95 1509 146 1557 885
163 1493 244 1556 ‘Stat
267 1497 339 1557 mihi
362 1514 422 1557 non
445 1514 534 1575 parvo
557 1499 653 1559 virtus
675 1514 762 1560 mee:
795 1496 913 1558 8818888
936 1506 1029 1558 testor

206 1587 352 1663 Armaque
366 1618 383 1664 ,·
398 1603 474 1663 qune
497 1588 594 1665 sparsi
615 1588 759 1665 sanguino
781 1603 870 1665 saepe
891 1602 976 1646 meo.

161 1672 219 1742 Qui
241 1675 318 1751 petis
341 1672 503 1752 auxilium,
526 1691 585 1735 non
608 1674 728 1754 grandia
752 1672 850 1735 divide
872 1690 988 1735 meeum

206 1759 339 1821 Praemia
360 1761 397 1821 (18
420 1760 544 1823 lacubus
566 1765 699 1843 proxima
721 1771 820 1824 musta
841 1764 918 1825 tuis.

161 1846 246 1907 Nulla
269 1864 350 1908 mora
373 1857 420 1910 888
442 1868 571 1930 operae.
607 1859 740 1913 restrum
762 1858 810 1912 888
825 1849 918 1934 daeo,
942 1851 1059 1913 uinoere

705 1946 859 2001 nostrum.

93 2037 146 2107 sup
206 2024 300 2095 Quam
325 2023 394 2086 velit
416 2025 530 2088 Aeneas
552 2028 608 2088 1888
630 2034 736 2107 negate
759 2022 865 2090 mihil'

160 2111 332 2173 Adnuerant
354 2112 478 2174 Rutuli.
517 2113 679 2175 Mezentius
701 2114 803 2179 induit¹
819 2133 917 2196 88888,

205 2200 303 2260 induit
327 2199 463 2279 Aeneas,
486 2198 715 2280 adloquiturque
736 2201 852 2265 iovem:

163 2283 298 2348 ‘Hostica
321 2285 477 2366 Tyrrheno
500 2293 566 2348 rota
589 2287 801 2351 888818188818
823 2292 905 2369 regi:

204 2376 336 2456 Iuppiter
360 2394 377 2436 e
399 2373 484 2436 Latio
505 2374 624 2455 primite
647 2382 744 2437 musto
766 2370 879 2439 ieresl'

93 2476 145 2524 888
162 2461 231 2523 Vota
256 2463 353 2524 vatent
375 2463 517 2525 meliora.
558 2463 638 2525 eadit
658 2462 820 2526 Mezentius
842 2466 967 2545 iugens,

204 2552 300 2630 Atque
323 2550 487 2630 indignanti
508 2560 630 2631 pectore
651 2551 765 2632 plangit
784 2551 925 2614 humum.

162 2637 287 2699 Venerat
309 2639 477 2701 Autumnus
500 2638 619 2702 88188118
640 2638 781 2703 sordidus
801 2640 877 2704 um.-

204 2726 381 2790 Redduntur
403 2730 510 2790 merito
532 2727 631 2790 debita
654 2726 820 2791 81881881.

160 2812 243 2873 Dicta
266 2815 329 2876 dies
352 2816 421 2877 hine
444 2813 646 2878 8881188118.
686 2814 922 2897 18881888111888

93 2912 146 2960 eoo
206 2899 361 2983 Vindicat,
383 2910 414 2966 88
436 2902 520 2965 iestis
542 2901 651 2983 gaudet
671 2905 770 2967 inesse
792 2908 871 2968 8818.

342 3038 393 3105 24.
415 3036 476 3107 ΒΟ
521 3040 573 3107 25.
597 3038 806 3108 OROB·N³

160 3161 218 3223 Sex
241 3160 314 3243 ubi,
336 3180 413 3244 queo
433 3175 571 3249 restent,
591 3167 674 3231 iueos
696 3166 805 3247 Aprilis
827 3166 965 3250 1881881818,

203 3249 236 3311 18
259 3249 356 3313 medio
379 3269 469 3317 88888
492 3263 627 3334 tempora
650 3256 729 3318 reris
751 3262 858 3336 erunt,

159 3337 196 3400 Et
219 3339 329 3400 irustra
351 3342 497 3420 pecudem
519 3360 645 3423 quaeres
668 3341 891 3405 Athamantidos
913 3340 1030 3425 1181188,

202 3426 350 3506 Signaque
373 3429 444 3492 dunt
464 3428 577 3493 imbres
589 3475 599 3510 ,
622 3431 815 3511 exoriturque
837 3429 942 3494 Canis.

90 3528 142 3576 888
157 3515 217 3576 Hae
240 3515 312 3577 milri
335 3514 481 3590 Nomento
503 3517 626 3581 iiomum
650 3534 718 3580 eum
740 3517 808 3582 luto
829 3519 976 3603 88118888,
