2386 3892
153 165 217 231 133
562 166 611 216 nx
628 165 747 218 rouro

192 344 226 393 30
284 329 338 390 Est
360 330 455 409 mihi3
477 347 533 390 nec
557 330 688 390 numeris
711 335 832 390 nectere
855 327 945 389 verba
968 329 1066 392 iuvat.

242 417 309 478 Sive
333 417 412 496 quod
435 416 504 478 hinc
528 417 643 479 iructus
666 415 738 477 adeo
763 434 822 477 non
846 417 979 496 cepimus
1004 417 1098 499 ullos,

284 505 469 584 Principium
491 507 587 566 nostri
610 522 658 565 res
682 506 721 565 sit
743 511 778 566 ut
799 505 857 566 ista
880 505 966 566 mali:

243 593 310 655 Sive
334 592 413 673 quod
437 595 467 654 in
491 592 623 654 tenebris
643 610 818 653 numerosos
841 609 952 672 ponera
976 611 1115 673 gressus,

287 681 430 761 Quodque
454 680 533 760 legas
556 680 630 742 uirili
652 680 784 742 scribere
808 698 946 762 carmen,
971 682 1052 743 idem
1076 691 1136 744 est.

194 783 227 832 35
241 769 359 831 Excitat
377 768 494 830 auditor
517 768 670 849 studium,
693 767 868 848 laudataque
890 771 986 830 virtus

286 856 422 937 Crescit,
446 865 476 918 et
499 858 667 918 inmensum
688 856 781 936 gloria
804 856 900 918 calcar
923 856 1033 920 habet.

241 945 297 1007 llic
321 964 385 1007 mea
408 947 457 1006 cui
480 947 602 1006 recitem
626 947 684 1006 nisi
706 945 788 1006 ssavis
811 946 921 1024 scripta
945 945 1087 1028 Corallis,

287 1033 425 1113 Quasque
449 1031 519 1093 alias
542 1041 645 1112 gentes
667 1032 811 1094 barbarus
834 1032 935 1095 Hister
957 1031 1074 1096 habet?

243 1120 302 1182 Sed
325 1120 396 1200 quid
420 1120 500 1181 solus
523 1138 628 1202 agam,
652 1139 768 1201 quaque
791 1120 921 1183 infelicia
942 1122 1066 1202 perdam

194 1221 228 1271 to
288 1209 355 1271 Otia
377 1211 522 1289 materia,
546 1211 764 1289 surripiamque
786 1206 891 1270 diem?

242 1298 315 1360 Nam
340 1300 408 1377 quia
432 1316 487 1358 nec
510 1298 634 1375 vinum,
657 1315 711 1358 nec
735 1315 782 1358 me
804 1305 887 1358 tenet
909 1297 973 1360 alea
996 1296 1100 1380 fallax,

287 1386 345 1447 Per
369 1403 444 1465 quae
468 1385 542 1446 clam
565 1387 688 1447 tacitum
711 1393 829 1464 tempus
851 1384 934 1447 abire
957 1387 1053 1468 solet,

243 1474 303 1535 Nec
323 1493 420 1534 me-
438 1474 517 1552 quod
536 1491 696 1554 cuperem,
715 1476 741 1534 si
759 1492 814 1553 per
832 1474 894 1534 iera
912 1473 990 1536 bella
1008 1475 1112 1538 liceret
1124 1506 1154 1517 -

288 1561 423 1623 Oblectet
446 1562 528 1623 cultu
552 1570 631 1622 terra
654 1570 758 1622 novata
782 1579 853 1641 suo,

195 1661 229 1710 45
245 1650 344 1727 Quid,
367 1652 425 1710 nisi
447 1649 601 1729 Pierides,
626 1649 733 1710 solacia
756 1649 883 1730 frigida,
906 1659 1040 1731 restant,

288 1736 352 1796 Non
376 1735 452 1797 bene
476 1736 512 1796 de
536 1736 621 1797 nobis
645 1755 720 1816 quae
744 1755 881 1798 meruere
904 1735 1005 1800 deae?

244 1825 282 1885 At
305 1833 358 1902 tu,
383 1826 432 1885 cui
454 1822 566 1884 bibitur
589 1824 704 1886 felicius
727 1824 840 1886 Aonius
862 1825 929 1886 lons
941 1872 950 1906 ,

288 1911 407 1972 Utiliter
430 1911 561 1972 studium
585 1912 664 1993 quod
687 1911 741 1974 tibi
765 1912 865 1993 cedit,
889 1931 972 1994 ama,

245 1998 393 2078 Sacraque
416 1999 566 2061 Musarum
590 2002 696 2061 merito
720 2001 804 2062 cole.
846 2002 987 2080 quodque
1014 2000 1154 2080 legamus,

196 2100 230 2150 60
288 2086 354 2147 lluc
377 2086 494 2165 aliquod
519 2105 608 2148 curae
632 2091 715 2150 mitte
739 2090 868 2150 recentis
891 2107 985 2169 opus.

625 2280 688 2353 ΙΙΙ.

245 2437 440 2520 Conquerar,
463 2457 500 2501 an
523 2434 662 2499 taceam?
694 2456 801 2517 ponam
824 2440 888 2500 sinc
911 2442 1032 2502 nomine

793 2529 924 2608 crimen,
1106 2539 1153 2589 utu

289 2615 334 2675 An
358 2622 461 2675 notum
474 2662 483 2695 ,
507 2616 559 2693 qui
582 2615 645 2694 sis,
664 2612 801 2674 omnibus
824 2632 890 2676 esse
915 2612 1029 2677 velim?

245 2701 370 2762 Nomine
393 2720 453 2763 non
477 2709 566 2782 utar,
589 2719 626 2762 ne
650 2702 857 2763 commendere
882 2704 1033 2786 querella,

290 2789 514 2868 Quaeraturque
539 2788 593 2850 tibi
617 2791 746 2850 carmine
770 2789 844 2850 lama
868 2807 951 2852 meo.

215 2875 321 2937 cllum
345 2894 409 2936 mea
432 2879 541 2956 puppis
565 2885 628 2938 erat
650 2877 742 2938 valida
766 2876 886 2939 lundata
909 2881 1029 2961 carina,

291 2963 347 3033 Qui
371 2982 487 3025 mecum
510 2963 600 3025 velles
625 2983 770 3047 currere,
792 2967 908 3044 primus
932 2984 1016 3030 eras.

246 3052 353 3132 Nunc,
378 3055 445 3132 quia
469 3055 616 3113 contraxit
638 3053 751 3114 vultum
774 3053 928 3134 Fortuna,
951 3055 1068 3117 recedis
1075 3101 1085 3138 ,

290 3139 406 3201 Auxilio
429 3149 586 3219 postquam
610 3143 669 3202 scis
692 3158 767 3221 opus
791 3159 856 3202 esse
880 3149 952 3204 tuo.

245 3228 419 3290 Dissimulas
443 3230 548 3310 etiam,
572 3247 627 3290 nec
650 3247 698 3290 me
721 3230 765 3290 vis
788 3247 876 3290 nosse
899 3231 1012 3313 videri,

199 3326 232 3376 ιο
291 3317 424 3396 Quisque
448 3319 509 3397 sit,
532 3316 632 3378 audito
655 3319 797 3397 nomine,
820 3317 920 3399 Naso,
943 3337 1048 3400 rogas.

245 3402 296 3464 ille
321 3423 374 3483 ego
399 3423 486 3484 sum,
511 3422 688 3484 quamquam
710 3422 769 3465 nou
794 3407 838 3466 vis
861 3406 988 3489 atrdire,
1011 3415 1123 3470 vetusta

289 3490 386 3552 Paene
411 3510 485 3571 puer
508 3511 602 3571 puero
625 3494 745 3554 iunctus
769 3493 914 3556 amicitiai
