2386 3892
152 205 217 268 258
559 205 751 257 33333333
868 279 872 286 ¹

284 369 344 429 lam
368 370 438 429 satis
462 377 508 429 est
530 370 624 429 virtus
647 367 829 429 dissimrdata
852 364 937 430 diu.’

175 456 292 519 8451113
315 449 414 517 iacens
438 456 473 516 ad
497 455 587 516 verba
610 454 712 516 oculos
735 459 798 517 sine
822 455 932 518 lumine
955 459 1065 538 mevit,

284 543 410 624 Visaque
434 561 576 604 concussa
601 544 678 604 dieta
701 543 826 622 probare
851 562 953 606 coma.

241 631 349 697 Fertur
371 633 565 710 inexequias
588 633 677 692 animi
700 639 833 692 matrona
855 632 949 694 virilis

285 719 323 781 Et
346 736 446 781 seeum
470 718 605 781 lacrimas
628 719 825 799 invidiamque
850 720 958 782 trahit.

241 807 352 869 Vulnus
375 811 461 868 inane
485 815 586 887 patet.
629 807 739 869 Brutus
763 806 890 868 elamore
915 807 1046 879 Quirites

174 907 226 958 850
286 895 441 975 Concitat,
465 903 495 956 et
517 898 595 974 regis
619 895 695 956 13313
718 895 843 956 nefanda
866 897 976 959 neiert.

240 982 419 1061 Tarquinius
443 1001 509 1044 3333
533 983 615 1062 prole
640 983 735 1062 lugit.
777 986 855 1063 capit
877 1002 975 1046 annua
998 984 1099 1046 consul

285 1071 375 1132 lura:
408 1070 471 1132 dies
494 1073 593 1149 regnis
615 1070 664 1131 illa
688 1088 826 1150 suprema
849 1071 922 1135 iuit.

465 1205 605 1273 25.Ηο
651 1208 702 1272 26.
726 1205 756 1272 Α
778 1205 851 1273 EN

241 1333 404 1414 Fallimur,
428 1352 464 1394 an
487 1335 565 1394 veris
588 1335 763 1412 praenuntia
786 1336 868 1395 venit
889 1333 1017 1396 hirundo

284 1421 322 1482 Et
344 1425 471 1503 metuit,
494 1440 531 1482 ne
555 1439 612 1499 qua
635 1438 718 1482 versa
742 1432 878 1483 recurrat
900 1422 1012 1484 hiems.

174 1521 225 1571 855
241 1510 334 1589 Saepe
358 1518 478 1591 tamen,
501 1509 638 1588 Praene,
661 1510 785 1570 nimium
803 1528 979 1589 properasse
1003 1514 1153 1591 quereris,

286 1597 395 1677 Virque
419 1608 470 1659 133
494 1597 608 1658 Tereus
631 1598 741 1675 frigore
765 1597 859 1658 laetus
883 1601 958 1661 erit.

433 1735 485 1798 21.
508 1732 536 1796 Β
559 1731 691 1808 Euri)
736 1734 788 1800 28.
812 1731 869 1800 00

241 1858 360 1937 lamque
385 1858 459 1918 duae
483 1866 595 1919 restant
618 1866 720 1920 333133
743 1859 779 1920 de
803 1877 904 1921 mense
928 1863 1076 1944 seeundo,

285 1947 421 2024 Marsque
445 1948 519 2007 eitos
542 1949 652 2007 iunctis
675 1947 813 2008 curribus
835 1956 924 2028 urget
947 1967 1056 2030 eques.

240 2033 284 2094 Ex
308 2052 377 2093 3333
400 2035 529 2112 pesitum
552 2036 715 2112 permansit
737 2034 875 2113 Equirria
898 2054 1025 2119 nemen,

176 2134 227 2183 833
287 2122 368 2191 Quae
392 2121 464 2181 deus
486 2125 517 2182 in
541 2121 649 2201 Campo
672 2125 817 2203 prespicit
838 2125 902 2204 ipse
925 2143 996 2187 suo.

241 2210 308 2269 lure
332 2210 438 2289 venis,
461 2208 608 2271 Gradive:
640 2210 737 2271 locum
761 2220 810 2272 tua
834 2220 967 2291 tempora
989 2221 1132 2294 poscunt,

285 2296 483 2376 signatusque
507 2306 558 2358 tuo
582 2301 700 2359 nomine
724 2300 834 2360 mensis
857 2299 956 2362 adest.

242 2384 382 2446 Venimus
405 2388 435 2446 in
459 2394 600 2466 portum,
624 2385 699 2446 libro
723 2405 792 2447 eum
814 2404 915 2448 mense
937 2398 1076 2468 peraeto.

283 2472 406 2553 Naviget
428 2473 497 2534 hine
521 2473 575 2534 alia
597 2476 655 2534 iam
679 2474 751 2536 mihi
773 2475 861 2537 linter
884 2493 975 2556 aqua.

463 2729 603 2813 LlBllR
630 2730 837 2816 TERTIUS.

240 2909 370 2991 Belliee,
394 2911 535 2990 depositis
559 2913 653 2992 clipeo
677 2914 827 2993 paulisper
850 2922 881 2975 et
902 2914 1003 2995 hasta,

284 2998 384 3080 Mars,
407 2999 475 3060 ades
499 3010 530 3060 et
552 3001 659 3062 nitidas
682 3001 795 3062 casside
819 3001 899 3062 solve
922 3021 1038 3065 eomas.

241 3087 376 3148 Forsitan
400 3089 463 3167 ipse
487 3106 596 3168 roges,
619 3089 690 3169 quid
714 3092 753 3150 sit
774 3107 843 3150 eum
866 3089 959 3152 Marte
982 3087 1110 3171 poetae?

286 3175 309 3235 Α
333 3182 384 3250 13,
409 3177 460 3255 qui
483 3179 620 3258 canitur,
644 3179 761 3238 nomina
785 3179 895 3239 mensis
918 3178 1023 3241 habet.

209 3260 305 3341 tlpse
329 3263 409 3324 vides
433 3263 567 3325 manibus
591 3268 692 3344 peragi
714 3267 776 3325 1333
799 3265 874 3326 bella
897 3265 1062 3329 Minervae:

284 3349 361 3410 Num
385 3354 483 3412 minus
506 3354 642 3431 ingenuis
665 3353 779 3414 artibus
801 3352 850 3414 illa
873 3351 983 3416 vacat?

241 3435 366 3497 Palladis
389 3438 522 3518 exemplo
545 3440 697 3519 ponendae
721 3449 853 3521 tempora
877 3459 962 3504 sume

286 3519 442 3603 cuspidis.
482 3529 614 3590 invenies
638 3537 668 3590 et
690 3528 769 3607 quod
792 3531 915 3591 inermis
938 3546 1022 3611 agas.
