2386 3892
434 205 483 256 111.
501 217 539 256 m
553 207 656 257 25-1v
671 209 694 259 5.
1018 204 1062 270 43

139 369 213 429 Nam
238 368 266 429 si
289 376 383 429 morte
407 384 511 428 carens
534 384 624 428 vacua
647 367 725 428 volat
747 367 824 430 altus
846 369 878 428 in
901 385 973 430 aura

140 457 296 538 Spiritus,
319 463 349 516 et
372 455 462 516 Samii
485 462 555 515 sunt
577 463 641 517 rata
664 455 742 516 dicta
765 459 862 537 senis,

139 546 221 606 lnter
246 543 424 604 Sarmaticas
446 543 577 603 Romana
599 543 752 622 vagabitur
775 544 914 626 umbras,

138 634 257 712 Perque
281 633 360 693 leros
384 649 485 692 manes
507 631 623 710 hospita
646 651 763 711 semper
786 635 861 713 erit3

88 735 124 782 65
141 721 215 782 Ossa
239 730 338 781 tamen
362 721 450 781 lacito
473 738 561 798 parva
585 721 752 781 referantur
775 723 806 781 in
829 738 922 783 urna:

141 809 190 870 Sie
214 825 269 887 ego
293 826 352 868 non
376 810 463 868 etiam
487 817 622 869 mortuus
645 807 714 870 exul
737 827 807 868 ero.

139 897 205 957 Nou
220 904 300 957 vetat
318 896 374 956 hoe
388 898 560 974 quisquam:
579 896 701 957 tratrem
715 896 854 957 Thebana
873 905 1060 977 peremptum

143 984 308 1064 supposuit
330 984 444 1045 tumulo
467 1001 537 1062 rege
560 991 676 1045 vetante
700 1002 802 1045 soror.

139 1074 236 1152 litque
260 1091 294 1133 ea
317 1090 384 1133 eum
407 1071 485 1132 loliis
509 1078 539 1131 et
561 1076 668 1133 amomi
690 1072 812 1152 pulvere
835 1075 945 1153 misce,

90 1175 124 1224 ‘to
140 1161 233 1239 lnque
257 1159 428 1222 suburbano
452 1159 569 1220 condita
591 1179 668 1239 pone
692 1160 772 1242 solo;

140 1249 282 1328 Quosque
305 1247 383 1326 legat
404 1266 509 1309 versus
531 1248 617 1308 oculo
640 1255 818 1327 properante
841 1250 953 1329 viatm,

139 1336 308 1398 Grandibus
330 1338 361 1396 in
385 1336 463 1397 tituli
486 1354 634 1397 marmore
657 1332 746 1396 caede
770 1337 869 1418 notisr

137 1444 191 1487 me
205 1455 213 1471 ·
227 1443 290 1486 noo
306 1454 313 1470 ·
328 1443 381 1491 ou1
395 1455 402 1468 ·
415 1443 508 1486 neno
523 1454 531 1470 ·
545 1443 735 1485 reunnoonu
749 1455 756 1468 ·
770 1440 871 1484 nosos
885 1453 892 1466 ·
907 1441 1036 1483 uuonun

137 1533 266 1575 momno
282 1544 289 1558 ·
303 1532 387 1573 rann
401 1542 408 1559 ·
423 1530 502 1574 urso
517 1543 524 1557 ·
537 1531 640 1574 roura
655 1544 662 1557 ·
676 1531 740 1573 uno

89 1615 1058 1668 tanr·r1s1·ou1·rnnusrs·nn·s1r·oonvn·omsours·

599 1707 714 1750 rursm

137 1797 253 1839 pronun
269 1807 276 1823 ·
290 1793 420 1838 naseins
435 1808 441 1821 ·
456 1796 614 1843 monumen
628 1807 635 1822 ·
651 1795 725 1838 ossa
739 1806 747 1822 ·
763 1796 884 1838 consur

137 1865 202 1926 lloe
225 1867 297 1926 satis
319 1866 351 1925 in
375 1863 461 1925 titulo
485 1872 551 1925 est.
589 1868 698 1925 etenim
721 1867 832 1925 maiora
855 1863 946 1925 libelli

138 1952 177 2013 Et
200 1952 339 2014 diuturna
363 1955 455 2032 magis
478 1960 549 2013 sunt
570 1956 750 2013 monimenta
773 1952 863 2030 mihi,

139 2040 220 2112 Quos
244 2058 299 2118 ego
323 2040 438 2100 conlido
451 2087 460 2120 ,
483 2042 616 2119 quamvis
639 2059 791 2120 nocuere,
814 2040 936 2100 daturos

90 2143 124 2190 80
139 2128 253 2189 Nomen
276 2135 307 2188 et
330 2131 444 2189 arretori
467 2137 600 2208 tempora
623 2128 709 2208 longa
733 2145 805 2188 suo.
896 2188 900 2194 ,

139 2217 184 2276 Tu
206 2225 306 2277 tamen
330 2218 459 2276 extincto
482 2217 583 2277 laralia
606 2234 729 2278 munera
753 2232 871 2293 semper

140 2303 239 2385 Deque
263 2306 324 2366 tuis
347 2304 475 2364 lacrimis
498 2304 597 2365 umida
621 2312 699 2364 serta
723 2304 809 2363 dato.

140 2391 278 2463 Quamvis
300 2394 332 2451 in
356 2393 472 2452 cineres
495 2409 604 2470 eorpus
627 2393 785 2451 mutaverit
807 2391 902 2471 ignis,

141 2479 255 2541 Sentiet
278 2480 408 2540 officium
430 2487 541 2540 maesta
564 2477 660 2538 favilla
682 2480 782 2557 pium.

93 2580 125 2628 85
141 2567 261 2628 Soibere
284 2567 369 2646 plura
391 2566 485 2627 libet.
523 2566 575 2628 sed
598 2584 654 2625 vox
677 2565 750 2625 mihi
773 2564 850 2624 lessa
874 2561 1021 2642 loquendo

139 2655 274 2716 [tietantli
297 2657 374 2715 vires
398 2657 535 2734 siccaque
558 2654 658 2733 lingua
681 2659 786 2732 negat.

139 2743 247 2822 Accipe
271 2760 411 2822 supremo
435 2742 545 2803 dietum
568 2743 641 2803 mihi
665 2742 789 2801 forsitan
812 2757 880 2822 ore,

139 2830 246 2913 Quod,
270 2830 326 2893 tibi
348 2832 401 2910 qui
423 2833 533 2910 mittit,
557 2847 617 2892 non
639 2829 729 2891 habet
751 2831 838 2911 ipse,
861 2826 941 2890 vale!

518 3021 578 3097 IV.

138 3181 162 3243 0
185 3181 258 3244 mihi
281 3200 349 3244 earo
373 3181 492 3261 quidem
516 3199 655 3260 semper,
680 3180 733 3241 sed
757 3188 891 3256 ternpore
914 3175 989 3235 duro

137 3269 283 3351 Cognite,
307 3288 355 3331 res
378 3277 534 3348 postquam
557 3268 744 3348 procubuere
769 3281 869 3338 meae,

136 3358 246 3420 Usibus
269 3358 375 3419 edocto
399 3360 424 3417 si
447 3359 605 3436 quicquam
629 3354 726 3415 eredis
750 3354 862 3430 amico,

136 3445 206 3508 Vive
230 3446 285 3507 tibi
308 3454 339 3507 et
361 3445 447 3524 longe
470 3447 589 3506 nomina
612 3459 716 3521 magna
739 3441 825 3519 luge.

106 3533 207 3596 oVire
231 3533 307 3615 tibi,
332 3540 532 3612 quantumque
556 3538 641 3611 potes
664 3527 841 3609 praelustria
864 3527 939 3588 vita:
