<?xml version="1.0" encoding="UTF-8"?>
<!DOCTYPE html PUBLIC "-//W3C//DTD XHTML 1.0 Transitional//EN"
    "http://www.w3.org/TR/xhtml1/DTD/xhtml1-transitional.dtd">
<html xmlns="http://www.w3.org/1999/xhtml" xml:lang="en" lang="en">
 <head>
  <title>
</title>
<meta http-equiv="Content-Type" content="text/html;charset=utf-8" />
  <meta name='ocr-system' content='tesseract 3.04.00' />
  <meta name='ocr-capabilities' content='ocr_page ocr_carea ocr_par ocr_line ocrx_word'/>
</head>
<body>
  <div class='ocr_page' id='page_1' title='image "./ovidiusexiterat00ovidgoog_0268.png"; bbox 0 0 2386 3892; ppageno 0'>
   <div class='ocr_carea' id='block_1_1' title="bbox 440 159 629 213">
    <p class='ocr_par' dir='ltr' id='par_1_1' title="bbox 440 159 629 213">
     <span class='ocr_line' id='line_1_1' title="bbox 440 159 629 213; baseline 0.026 -5"><span class='ocrx_word' id='word_1_1' title='bbox 440 159 461 211; x_wconf 93' lang='lat' dir='ltr'>I.</span> <span class='ocrx_word' id='word_1_2' title='bbox 482 161 629 213; x_wconf 70' lang='lat' dir='ltr'>too-176.</span> 
     </span>
    </p>
   </div>
   <div class='ocr_carea' id='block_1_2' title="bbox 66 321 1031 2689">
    <p class='ocr_par' dir='ltr' id='par_1_2' title="bbox 66 321 1031 2689">
     <span class='ocr_line' id='line_1_2' title="bbox 67 321 720 401; baseline -0.002 -17"><span class='ocrx_word' id='word_1_3' title='bbox 67 336 100 384; x_wconf 82' lang='lat'>40</span> <span class='ocrx_word' id='word_1_4' title='bbox 159 322 235 382; x_wconf 88' lang='lat' dir='ltr'>ans</span> <span class='ocrx_word' id='word_1_5' title='bbox 259 329 359 400; x_wconf 89' lang='lat' dir='ltr'>partes</span> <span class='ocrx_word' id='word_1_6' title='bbox 383 321 592 401; x_wconf 89' lang='lat' dir='ltr'>hesperiasque</span> <span class='ocrx_word' id='word_1_7' title='bbox 616 323 720 384; x_wconf 91' lang='lat' dir='ltr'>simul.</span> 
     </span>
     <span class='ocr_line' id='line_1_3' title="bbox 115 409 872 494; baseline 0.004 -23"><span class='ocrx_word' id='word_1_8' title='bbox 115 411 174 471; x_wconf 88' lang='lat' dir='ltr'>Ora</span> <span class='ocrx_word' id='word_1_9' title='bbox 196 411 278 470; x_wconf 89' lang='lat' dir='ltr'>vides</span> <span class='ocrx_word' id='word_1_10' title='bbox 301 409 427 470; x_wconf 89' lang='lat' dir='ltr'>Hecates</span> <span class='ocrx_word' id='word_1_11' title='bbox 450 411 480 470; x_wconf 92' lang='lat' dir='ltr'>iu</span> <span class='ocrx_word' id='word_1_12' title='bbox 504 419 565 471; x_wconf 92' lang='lat' dir='ltr'>tres</span> <span class='ocrx_word' id='word_1_13' title='bbox 589 414 733 472; x_wconf 87' lang='lat' dir='ltr'>vertentia</span> <span class='ocrx_word' id='word_1_14' title='bbox 755 421 872 494; x_wconf 87' lang='lat' dir='ltr'>partes,</span> 
     </span>
     <span class='ocr_line' id='line_1_4' title="bbox 160 499 854 577; baseline 0.006 -20"><span class='ocrx_word' id='word_1_15' title='bbox 160 499 263 558; x_wconf 86' lang='lat' dir='ltr'>Servet</span> <span class='ocrx_word' id='word_1_16' title='bbox 286 505 320 557; x_wconf 90' lang='lat' dir='ltr'>ut</span> <span class='ocrx_word' id='word_1_17' title='bbox 343 500 373 557; x_wconf 94' lang='lat' dir='ltr'>iu</span> <span class='ocrx_word' id='word_1_18' title='bbox 397 506 497 558; x_wconf 90' lang='lat' dir='ltr'>ternas</span> <span class='ocrx_word' id='word_1_19' title='bbox 521 501 648 577; x_wconf 89' lang='lat' dir='ltr'>compita</span> <span class='ocrx_word' id='word_1_20' title='bbox 672 508 752 560; x_wconf 89' lang='lat' dir='ltr'>secta</span> <span class='ocrx_word' id='word_1_21' title='bbox 776 504 854 562; x_wconf 88' lang='lat' dir='ltr'>vias.</span> 
     </span>
     <span class='ocr_line' id='line_1_5' title="bbox 114 586 897 670; baseline 0.003 -23"><span class='ocrx_word' id='word_1_22' title='bbox 114 587 152 647; x_wconf 86' lang='lat' dir='ltr'>Et</span> <span class='ocrx_word' id='word_1_23' title='bbox 175 587 246 645; x_wconf 91' lang='lat' dir='ltr'>mibi</span> <span class='ocrx_word' id='word_1_24' title='bbox 258 633 267 667; x_wconf 97' lang='lat'>,</span> <span class='ocrx_word' id='word_1_25' title='bbox 291 604 328 646; x_wconf 89' lang='lat' dir='ltr'>ne</span> <span class='ocrx_word' id='word_1_26' title='bbox 351 586 429 647; x_wconf 81' lang='lat' dir='ltr'>llexu</span> <span class='ocrx_word' id='word_1_27' title='bbox 453 589 577 647; x_wconf 88' lang='lat' dir='ltr'>cervicis</span> <span class='ocrx_word' id='word_1_28' title='bbox 602 596 734 666; x_wconf 89' lang='lat' dir='ltr'>tempora</span> <span class='ocrx_word' id='word_1_29' title='bbox 757 589 897 670; x_wconf 90' lang='lat' dir='ltr'>perdam,</span> 
     </span>
     <span class='ocr_line' id='line_1_6' title="bbox 159 673 836 753; baseline 0.004 -20"><span class='ocrx_word' id='word_1_30' title='bbox 159 673 287 735; x_wconf 84' lang='lat' dir='ltr'>Cernere</span> <span class='ocrx_word' id='word_1_31' title='bbox 311 692 370 734; x_wconf 92' lang='lat' dir='ltr'>non</span> <span class='ocrx_word' id='word_1_32' title='bbox 394 682 472 734; x_wconf 90' lang='lat' dir='ltr'>moto</span> <span class='ocrx_word' id='word_1_33' title='bbox 497 693 620 753; x_wconf 89' lang='lat' dir='ltr'>corpore</span> <span class='ocrx_word' id='word_1_34' title='bbox 644 675 713 736; x_wconf 91' lang='lat' dir='ltr'>bina</span> <span class='ocrx_word' id='word_1_35' title='bbox 735 673 836 737; x_wconf 88' lang='lat' dir='ltr'>licet.&#39;</span> 
     </span>
     <span class='ocr_line' id='line_1_7' title="bbox 66 762 919 843; baseline 0 -19"><span class='ocrx_word' id='word_1_36' title='bbox 66 776 99 824; x_wconf 85' lang='grc'>45</span> <span class='ocrx_word' id='word_1_37' title='bbox 116 763 253 822; x_wconf 81' lang='lat' dir='ltr'>Dixerat:</span> <span class='ocrx_word' id='word_1_38' title='bbox 286 770 315 822; x_wconf 90' lang='lat' dir='ltr'>et</span> <span class='ocrx_word' id='word_1_39' title='bbox 338 762 440 843; x_wconf 89' lang='lat' dir='ltr'>voltu,</span> <span class='ocrx_word' id='word_1_40' title='bbox 464 765 489 822; x_wconf 92' lang='lat' dir='ltr'>si</span> <span class='ocrx_word' id='word_1_41' title='bbox 511 763 597 841; x_wconf 90' lang='lat' dir='ltr'>plura</span> <span class='ocrx_word' id='word_1_42' title='bbox 620 765 774 842; x_wconf 86' lang='lat' dir='ltr'>requirere</span> <span class='ocrx_word' id='word_1_43' title='bbox 798 764 919 843; x_wconf 89' lang='lat' dir='ltr'>vellem,</span> 
     </span>
     <span class='ocr_line' id='line_1_8' title="bbox 161 851 856 912; baseline 0.004 -3"><span class='ocrx_word' id='word_1_44' title='bbox 161 851 313 910; x_wconf 85' lang='lat' dir='ltr'>Difficilem</span> <span class='ocrx_word' id='word_1_45' title='bbox 337 851 409 910; x_wconf 90' lang='lat' dir='ltr'>mibi</span> <span class='ocrx_word' id='word_1_46' title='bbox 433 868 464 910; x_wconf 87' lang='lat' dir='ltr'>se</span> <span class='ocrx_word' id='word_1_47' title='bbox 488 868 546 911; x_wconf 93' lang='lat' dir='ltr'>non</span> <span class='ocrx_word' id='word_1_48' title='bbox 570 851 634 911; x_wconf 88' lang='lat' dir='ltr'>lore</span> <span class='ocrx_word' id='word_1_49' title='bbox 657 853 754 912; x_wconf 88' lang='lat' dir='ltr'>lassus</span> <span class='ocrx_word' id='word_1_50' title='bbox 776 859 856 912; x_wconf 89' lang='lat' dir='ltr'>erat.</span> 
     </span>
     <span class='ocr_line' id='line_1_9' title="bbox 115 939 985 1019; baseline -0.001 -20"><span class='ocrx_word' id='word_1_51' title='bbox 115 939 234 1015; x_wconf 85' lang='lat' dir='ltr'>Sumpsi</span> <span class='ocrx_word' id='word_1_52' title='bbox 257 941 408 1019; x_wconf 92' lang='lat' dir='ltr'>animum,</span> <span class='ocrx_word' id='word_1_53' title='bbox 433 946 590 1017; x_wconf 82' lang='lat' dir='ltr'>gratesque</span> <span class='ocrx_word' id='word_1_54' title='bbox 614 939 668 999; x_wconf 90' lang='lat' dir='ltr'>deo</span> <span class='ocrx_word' id='word_1_55' title='bbox 691 957 750 1000; x_wconf 90' lang='lat' dir='ltr'>uon</span> <span class='ocrx_word' id='word_1_56' title='bbox 775 942 897 1000; x_wconf 89' lang='lat' dir='ltr'>territus</span> <span class='ocrx_word' id='word_1_57' title='bbox 921 941 985 1019; x_wconf 84' lang='lat' dir='ltr'>egi,</span> 
     </span>
     <span class='ocr_line' id='line_1_10' title="bbox 159 1026 972 1105; baseline 0.004 -21"><span class='ocrx_word' id='word_1_58' title='bbox 159 1026 312 1104; x_wconf 84' lang='lat' dir='ltr'>Verbaque</span> <span class='ocrx_word' id='word_1_59' title='bbox 335 1044 401 1086; x_wconf 92' lang='lat' dir='ltr'>sum</span> <span class='ocrx_word' id='word_1_60' title='bbox 425 1035 562 1104; x_wconf 86' lang='lat' dir='ltr'>spectans</span> <span class='ocrx_word' id='word_1_61' title='bbox 585 1036 670 1105; x_wconf 91' lang='lat' dir='ltr'>pacta</span> <span class='ocrx_word' id='word_1_62' title='bbox 693 1027 810 1088; x_wconf 89' lang='lat' dir='ltr'>locutus</span> <span class='ocrx_word' id='word_1_63' title='bbox 833 1027 972 1088; x_wconf 88' lang='lat' dir='ltr'>humum:</span> 
     </span>
     <span class='ocr_line' id='line_1_11' title="bbox 116 1110 981 1195; baseline 0.001 -21"><span class='ocrx_word' id='word_1_64' title='bbox 116 1110 206 1193; x_wconf 80' lang='lat' dir='ltr'>‘Dic,</span> <span class='ocrx_word' id='word_1_65' title='bbox 230 1132 305 1193; x_wconf 84' lang='lat' dir='ltr'>age,</span> <span class='ocrx_word' id='word_1_66' title='bbox 329 1115 489 1192; x_wconf 82' lang='lat' dir='ltr'>frigoribus</span> <span class='ocrx_word' id='word_1_67' title='bbox 512 1132 603 1193; x_wconf 90' lang='lat' dir='ltr'>quare</span> <span class='ocrx_word' id='word_1_68' title='bbox 627 1134 720 1176; x_wconf 90' lang='lat' dir='ltr'>novus</span> <span class='ocrx_word' id='word_1_69' title='bbox 743 1117 848 1195; x_wconf 79' lang='lat' dir='ltr'>incipit</span> <span class='ocrx_word' id='word_1_70' title='bbox 870 1133 981 1195; x_wconf 89' lang='lat' dir='ltr'>annus,</span> 
     </span>
     <span class='ocr_line' id='line_1_12' title="bbox 66 1201 823 1281; baseline 0.001 -18"><span class='ocrx_word' id='word_1_71' title='bbox 66 1215 100 1263; x_wconf 87' lang='grc' dir='ltr'>5ο</span> <span class='ocrx_word' id='word_1_72' title='bbox 160 1201 217 1272; x_wconf 89' lang='lat' dir='ltr'>Qui</span> <span class='ocrx_word' id='word_1_73' title='bbox 242 1202 346 1262; x_wconf 89' lang='lat' dir='ltr'>melius</span> <span class='ocrx_word' id='word_1_74' title='bbox 369 1221 423 1280; x_wconf 91' lang='lat' dir='ltr'>per</span> <span class='ocrx_word' id='word_1_75' title='bbox 446 1221 496 1262; x_wconf 88' lang='lat' dir='ltr'>rer</span> <span class='ocrx_word' id='word_1_76' title='bbox 520 1204 705 1281; x_wconf 80' lang='lat' dir='ltr'>incipiendus</span> <span class='ocrx_word' id='word_1_77' title='bbox 730 1201 823 1264; x_wconf 84' lang='lat' dir='ltr'>erat?</span> 
     </span>
     <span class='ocr_line' id='line_1_13' title="bbox 115 1289 1012 1370; baseline 0.002 -20"><span class='ocrx_word' id='word_1_78' title='bbox 115 1289 219 1350; x_wconf 88' lang='lat' dir='ltr'>Omnia</span> <span class='ocrx_word' id='word_1_79' title='bbox 242 1298 313 1349; x_wconf 88' lang='lat' dir='ltr'>tunc</span> <span class='ocrx_word' id='word_1_80' title='bbox 336 1291 443 1350; x_wconf 88' lang='lat' dir='ltr'>llorent</span> <span class='ocrx_word' id='word_1_81' title='bbox 456 1337 464 1370; x_wconf 91' lang='lat'>,</span> <span class='ocrx_word' id='word_1_82' title='bbox 488 1299 559 1351; x_wconf 94' lang='lat' dir='ltr'>tunc</span> <span class='ocrx_word' id='word_1_83' title='bbox 584 1300 630 1351; x_wconf 87' lang='lat' dir='ltr'>est</span> <span class='ocrx_word' id='word_1_84' title='bbox 652 1309 726 1350; x_wconf 89' lang='lat' dir='ltr'>nova</span> <span class='ocrx_word' id='word_1_85' title='bbox 749 1293 893 1370; x_wconf 90' lang='lat' dir='ltr'>temporis</span> <span class='ocrx_word' id='word_1_86' title='bbox 916 1299 1012 1352; x_wconf 89' lang='lat' dir='ltr'>aetas:</span> 
     </span>
     <span class='ocr_line' id='line_1_14' title="bbox 158 1378 911 1460; baseline 0.004 -24"><span class='ocrx_word' id='word_1_87' title='bbox 158 1378 196 1437; x_wconf 88' lang='lat' dir='ltr'>Et</span> <span class='ocrx_word' id='word_1_88' title='bbox 219 1396 291 1438; x_wconf 90' lang='lat' dir='ltr'>nova</span> <span class='ocrx_word' id='word_1_89' title='bbox 316 1378 351 1437; x_wconf 91' lang='lat' dir='ltr'>de</span> <span class='ocrx_word' id='word_1_90' title='bbox 376 1379 495 1456; x_wconf 83' lang='lat' dir='ltr'>gravido</span> <span class='ocrx_word' id='word_1_91' title='bbox 519 1378 638 1455; x_wconf 81' lang='lat' dir='ltr'>palmite</span> <span class='ocrx_word' id='word_1_92' title='bbox 661 1396 776 1458; x_wconf 86' lang='lat' dir='ltr'>gemma</span> <span class='ocrx_word' id='word_1_93' title='bbox 799 1387 911 1460; x_wconf 88' lang='lat' dir='ltr'>tumet,</span> 
     </span>
     <span class='ocr_line' id='line_1_15' title="bbox 113 1466 880 1545; baseline 0.004 -21"><span class='ocrx_word' id='word_1_94' title='bbox 113 1466 152 1525; x_wconf 91' lang='lat' dir='ltr'>Et</span> <span class='ocrx_word' id='word_1_95' title='bbox 175 1466 259 1525; x_wconf 92' lang='lat' dir='ltr'>modo</span> <span class='ocrx_word' id='word_1_96' title='bbox 283 1466 416 1526; x_wconf 86' lang='lat' dir='ltr'>formatis</span> <span class='ocrx_word' id='word_1_97' title='bbox 440 1468 574 1544; x_wconf 92' lang='lat' dir='ltr'>operitur</span> <span class='ocrx_word' id='word_1_98' title='bbox 597 1467 752 1527; x_wconf 83' lang='lat' dir='ltr'>frondibus</span> <span class='ocrx_word' id='word_1_99' title='bbox 775 1466 880 1545; x_wconf 89' lang='lat' dir='ltr'>arbor,</span> 
     </span>
     <span class='ocr_line' id='line_1_16' title="bbox 159 1553 934 1616; baseline 0.003 -3"><span class='ocrx_word' id='word_1_100' title='bbox 159 1553 262 1613; x_wconf 87' lang='lat' dir='ltr'>Prodit</span> <span class='ocrx_word' id='word_1_101' title='bbox 286 1564 315 1613; x_wconf 92' lang='lat' dir='ltr'>et</span> <span class='ocrx_word' id='word_1_102' title='bbox 338 1558 369 1613; x_wconf 91' lang='lat' dir='ltr'>iu</span> <span class='ocrx_word' id='word_1_103' title='bbox 392 1572 539 1615; x_wconf 91' lang='lat' dir='ltr'>summum</span> <span class='ocrx_word' id='word_1_104' title='bbox 563 1557 684 1615; x_wconf 88' lang='lat' dir='ltr'>seminis</span> <span class='ocrx_word' id='word_1_105' title='bbox 707 1555 798 1616; x_wconf 90' lang='lat' dir='ltr'>herba</span> <span class='ocrx_word' id='word_1_106' title='bbox 822 1554 934 1615; x_wconf 89' lang='lat' dir='ltr'>solum:</span> 
     </span>
     <span class='ocr_line' id='line_1_17' title="bbox 67 1641 947 1723; baseline 0.001 -20"><span class='ocrx_word' id='word_1_107' title='bbox 67 1654 100 1703; x_wconf 84' lang='lat'>55</span> <span class='ocrx_word' id='word_1_108' title='bbox 115 1641 154 1701; x_wconf 86' lang='lat' dir='ltr'>Et</span> <span class='ocrx_word' id='word_1_109' title='bbox 178 1642 309 1719; x_wconf 93' lang='lat' dir='ltr'>tepidum</span> <span class='ocrx_word' id='word_1_110' title='bbox 332 1642 468 1702; x_wconf 87' lang='lat' dir='ltr'>volucres</span> <span class='ocrx_word' id='word_1_111' title='bbox 492 1642 686 1703; x_wconf 84' lang='lat' dir='ltr'>concentibus</span> <span class='ocrx_word' id='word_1_112' title='bbox 709 1649 777 1704; x_wconf 76' lang='lat' dir='ltr'>aera</span> <span class='ocrx_word' id='word_1_113' title='bbox 800 1642 947 1723; x_wconf 87' lang='lat' dir='ltr'>mulcent,</span> 
     </span>
     <span class='ocr_line' id='line_1_18' title="bbox 159 1729 814 1810; baseline 0.008 -22"><span class='ocrx_word' id='word_1_114' title='bbox 159 1729 249 1789; x_wconf 92' lang='lat' dir='ltr'>Ludit</span> <span class='ocrx_word' id='word_1_115' title='bbox 272 1738 301 1790; x_wconf 91' lang='lat' dir='ltr'>et</span> <span class='ocrx_word' id='word_1_116' title='bbox 324 1732 354 1790; x_wconf 92' lang='lat' dir='ltr'>in</span> <span class='ocrx_word' id='word_1_117' title='bbox 379 1734 470 1808; x_wconf 91' lang='lat' dir='ltr'>pratis</span> <span class='ocrx_word' id='word_1_118' title='bbox 493 1730 682 1810; x_wconf 84' lang='lat' dir='ltr'>luxuriatque</span> <span class='ocrx_word' id='word_1_119' title='bbox 706 1749 814 1809; x_wconf 90' lang='lat' dir='ltr'>pecus.</span> 
     </span>
     <span class='ocr_line' id='line_1_19' title="bbox 115 1816 889 1898; baseline 0.005 -23"><span class='ocrx_word' id='word_1_120' title='bbox 115 1817 191 1876; x_wconf 87' lang='lat' dir='ltr'>Tum</span> <span class='ocrx_word' id='word_1_121' title='bbox 214 1816 313 1877; x_wconf 90' lang='lat' dir='ltr'>blandi</span> <span class='ocrx_word' id='word_1_122' title='bbox 337 1819 436 1897; x_wconf 90' lang='lat' dir='ltr'>soles,</span> <span class='ocrx_word' id='word_1_123' title='bbox 459 1821 617 1898; x_wconf 85' lang='lat' dir='ltr'>ignotaque</span> <span class='ocrx_word' id='word_1_124' title='bbox 640 1821 739 1898; x_wconf 89' lang='lat' dir='ltr'>prodit</span> <span class='ocrx_word' id='word_1_125' title='bbox 762 1819 889 1880; x_wconf 89' lang='lat' dir='ltr'>hirundo</span> 
     </span>
     <span class='ocr_line' id='line_1_20' title="bbox 158 1904 820 1987; baseline 0.009 -24"><span class='ocrx_word' id='word_1_126' title='bbox 158 1905 196 1964; x_wconf 89' lang='lat' dir='ltr'>Et</span> <span class='ocrx_word' id='word_1_127' title='bbox 219 1904 331 1965; x_wconf 88' lang='lat' dir='ltr'>luteum</span> <span class='ocrx_word' id='word_1_128' title='bbox 355 1907 433 1966; x_wconf 85' lang='lat' dir='ltr'>celsa</span> <span class='ocrx_word' id='word_1_129' title='bbox 457 1905 618 1968; x_wconf 86' lang='lat' dir='ltr'>subtrahe</span> <span class='ocrx_word' id='word_1_130' title='bbox 642 1910 705 1986; x_wconf 83' lang='lat' dir='ltr'>figit</span> <span class='ocrx_word' id='word_1_131' title='bbox 728 1926 820 1987; x_wconf 89' lang='lat' dir='ltr'>opus:</span> 
     </span>
     <span class='ocr_line' id='line_1_21' title="bbox 114 1993 908 2074; baseline 0.006 -23"><span class='ocrx_word' id='word_1_132' title='bbox 114 1993 189 2052; x_wconf 87' lang='lat' dir='ltr'>Tum</span> <span class='ocrx_word' id='word_1_133' title='bbox 213 1997 324 2070; x_wconf 88' lang='lat' dir='ltr'>patitur</span> <span class='ocrx_word' id='word_1_134' title='bbox 348 1995 445 2054; x_wconf 91' lang='lat' dir='ltr'>cultus</span> <span class='ocrx_word' id='word_1_135' title='bbox 469 2013 538 2074; x_wconf 84' lang='lat' dir='ltr'>ager</span> <span class='ocrx_word' id='word_1_136' title='bbox 562 2003 591 2055; x_wconf 92' lang='lat' dir='ltr'>et</span> <span class='ocrx_word' id='word_1_137' title='bbox 613 2003 773 2056; x_wconf 88' lang='lat' dir='ltr'>renovatur</span> <span class='ocrx_word' id='word_1_138' title='bbox 796 2005 908 2056; x_wconf 87' lang='lat' dir='ltr'>aratro.</span> 
     </span>
     <span class='ocr_line' id='line_1_22' title="bbox 66 2067 819 2144; baseline 0.003 -2"><span class='ocrx_word' id='word_1_139' title='bbox 66 2094 99 2142; x_wconf 82' lang='lat'>60</span> <span class='ocrx_word' id='word_1_140' title='bbox 158 2079 237 2139; x_wconf 88' lang='lat' dir='ltr'>Haec</span> <span class='ocrx_word' id='word_1_141' title='bbox 262 2084 330 2141; x_wconf 93' lang='lat' dir='ltr'>anni</span> <span class='ocrx_word' id='word_1_142' title='bbox 353 2086 466 2142; x_wconf 89' lang='lat' dir='ltr'>novitas</span> <span class='ocrx_word' id='word_1_143' title='bbox 488 2085 554 2143; x_wconf 90' lang='lat' dir='ltr'>iure</span> <span class='ocrx_word' id='word_1_144' title='bbox 577 2067 706 2144; x_wconf 76' lang='lat' dir='ltr'>vocandi</span> <span class='ocrx_word' id='word_1_145' title='bbox 730 2078 819 2144; x_wconf 88' lang='lat' dir='ltr'>luit.&#39;</span> 
     </span>
     <span class='ocr_line' id='line_1_23' title="bbox 116 2169 894 2240; baseline 0.006 -13"><span class='ocrx_word' id='word_1_146' title='bbox 116 2169 307 2240; x_wconf 86' lang='lat' dir='ltr'>Quaesieram</span> <span class='ocrx_word' id='word_1_147' title='bbox 330 2169 452 2231; x_wconf 89' lang='lat' dir='ltr'>multis:</span> <span class='ocrx_word' id='word_1_148' title='bbox 484 2189 543 2232; x_wconf 93' lang='lat' dir='ltr'>non</span> <span class='ocrx_word' id='word_1_149' title='bbox 567 2171 669 2232; x_wconf 91' lang='lat' dir='ltr'>multis</span> <span class='ocrx_word' id='word_1_150' title='bbox 691 2172 739 2232; x_wconf 91' lang='lat' dir='ltr'>ille</span> <span class='ocrx_word' id='word_1_151' title='bbox 763 2179 894 2232; x_wconf 89' lang='lat' dir='ltr'>moratus</span> 
     </span>
     <span class='ocr_line' id='line_1_24' title="bbox 161 2256 841 2338; baseline 0.003 -21"><span class='ocrx_word' id='word_1_152' title='bbox 161 2256 291 2317; x_wconf 89' lang='lat' dir='ltr'>Contulit</span> <span class='ocrx_word' id='word_1_153' title='bbox 314 2259 344 2317; x_wconf 93' lang='lat' dir='ltr'>in</span> <span class='ocrx_word' id='word_1_154' title='bbox 369 2277 472 2338; x_wconf 76' lang='lat' dir='ltr'>versus</span> <span class='ocrx_word' id='word_1_155' title='bbox 495 2261 537 2319; x_wconf 88' lang='lat' dir='ltr'>sio</span> <span class='ocrx_word' id='word_1_156' title='bbox 561 2276 615 2319; x_wconf 90' lang='lat' dir='ltr'>sua</span> <span class='ocrx_word' id='word_1_157' title='bbox 636 2257 726 2318; x_wconf 86' lang='lat' dir='ltr'>verba</span> <span class='ocrx_word' id='word_1_158' title='bbox 749 2258 841 2319; x_wconf 74' lang='lat' dir='ltr'>diros:</span> 
     </span>
     <span class='ocr_line' id='line_1_25' title="bbox 115 2341 1031 2425; baseline 0.004 -22"><span class='ocrx_word' id='word_1_159' title='bbox 115 2341 239 2404; x_wconf 73' lang='lat' dir='ltr'>‘Bruma</span> <span class='ocrx_word' id='word_1_160' title='bbox 263 2348 331 2404; x_wconf 90' lang='lat' dir='ltr'>novi</span> <span class='ocrx_word' id='word_1_161' title='bbox 353 2349 447 2423; x_wconf 92' lang='lat' dir='ltr'>prima</span> <span class='ocrx_word' id='word_1_162' title='bbox 471 2354 539 2425; x_wconf 91' lang='lat' dir='ltr'>est,</span> <span class='ocrx_word' id='word_1_163' title='bbox 566 2348 734 2424; x_wconf 84' lang='lat' dir='ltr'>veterisque</span> <span class='ocrx_word' id='word_1_164' title='bbox 762 2348 919 2406; x_wconf 89' lang='lat' dir='ltr'>novissima</span> <span class='ocrx_word' id='word_1_165' title='bbox 943 2345 1031 2407; x_wconf 89' lang='lat' dir='ltr'>solis:</span> 
     </span>
     <span class='ocr_line' id='line_1_26' title="bbox 159 2428 951 2512; baseline 0.003 -21"><span class='ocrx_word' id='word_1_166' title='bbox 159 2432 342 2511; x_wconf 88' lang='lat' dir='ltr'>Principium</span> <span class='ocrx_word' id='word_1_167' title='bbox 366 2437 485 2512; x_wconf 92' lang='lat' dir='ltr'>capiunt</span> <span class='ocrx_word' id='word_1_168' title='bbox 508 2431 645 2494; x_wconf 88' lang='lat' dir='ltr'>Phoebus</span> <span class='ocrx_word' id='word_1_169' title='bbox 669 2441 699 2493; x_wconf 91' lang='lat' dir='ltr'>et</span> <span class='ocrx_word' id='word_1_170' title='bbox 722 2450 816 2493; x_wconf 87' lang='lat' dir='ltr'>annus</span> <span class='ocrx_word' id='word_1_171' title='bbox 838 2428 951 2494; x_wconf 87' lang='lat' dir='ltr'>idem.&#39;</span> 
     </span>
     <span class='ocr_line' id='line_1_27' title="bbox 67 2521 893 2601; baseline -0.001 -20"><span class='ocrx_word' id='word_1_172' title='bbox 67 2532 100 2581; x_wconf 86' lang='grc'>55</span> <span class='ocrx_word' id='word_1_173' title='bbox 115 2521 187 2580; x_wconf 90' lang='lat' dir='ltr'>Post</span> <span class='ocrx_word' id='word_1_174' title='bbox 210 2539 243 2581; x_wconf 90' lang='lat' dir='ltr'>ea</span> <span class='ocrx_word' id='word_1_175' title='bbox 267 2521 417 2601; x_wconf 87' lang='lat' dir='ltr'>mirabar,</span> <span class='ocrx_word' id='word_1_176' title='bbox 441 2540 495 2582; x_wconf 89' lang='lat' dir='ltr'>cur</span> <span class='ocrx_word' id='word_1_177' title='bbox 518 2539 577 2582; x_wconf 92' lang='lat' dir='ltr'>non</span> <span class='ocrx_word' id='word_1_178' title='bbox 600 2523 664 2582; x_wconf 88' lang='lat' dir='ltr'>sine</span> <span class='ocrx_word' id='word_1_179' title='bbox 688 2521 790 2582; x_wconf 84' lang='lat' dir='ltr'>litibus</span> <span class='ocrx_word' id='word_1_180' title='bbox 814 2528 893 2582; x_wconf 84' lang='lat' dir='ltr'>esset</span> 
     </span>
     <span class='ocr_line' id='line_1_28' title="bbox 159 2604 919 2689; baseline 0.004 -21"><span class='ocrx_word' id='word_1_181' title='bbox 159 2609 257 2668; x_wconf 91' lang='lat' dir='ltr'>Prima</span> <span class='ocrx_word' id='word_1_182' title='bbox 281 2609 367 2670; x_wconf 89' lang='lat' dir='ltr'>dies.</span> <span class='ocrx_word' id='word_1_183' title='bbox 405 2606 538 2671; x_wconf 75' lang='lat' dir='ltr'>‘causam</span> <span class='ocrx_word' id='word_1_184' title='bbox 562 2604 715 2689; x_wconf 90' lang='lat' dir='ltr'>percipel&#39;</span> <span class='ocrx_word' id='word_1_185' title='bbox 752 2609 840 2669; x_wconf 91' lang='lat' dir='ltr'>lanus</span> <span class='ocrx_word' id='word_1_186' title='bbox 863 2610 919 2671; x_wconf 90' lang='lat' dir='ltr'>ait.</span> 
     </span>
    </p>
   </div>
   <div class='ocr_carea' id='block_1_3' title="bbox 66 2691 996 3129">
    <p class='ocr_par' dir='ltr' id='par_1_3' title="bbox 66 2691 996 3129">
     <span class='ocr_line' id='line_1_29' title="bbox 115 2691 882 2779; baseline 0.004 -24"><span class='ocrx_word' id='word_1_187' title='bbox 115 2691 276 2774; x_wconf 75' lang='lat' dir='ltr'>‘Tempora</span> <span class='ocrx_word' id='word_1_188' title='bbox 300 2699 434 2758; x_wconf 87' lang='lat' dir='ltr'>commisi</span> <span class='ocrx_word' id='word_1_189' title='bbox 456 2701 607 2759; x_wconf 87' lang='lat' dir='ltr'>nascentia</span> <span class='ocrx_word' id='word_1_190' title='bbox 630 2697 721 2758; x_wconf 89' lang='lat' dir='ltr'>rebus</span> <span class='ocrx_word' id='word_1_191' title='bbox 744 2697 882 2779; x_wconf 86' lang='lat' dir='ltr'>agendis,</span> 
     </span>
     <span class='ocr_line' id='line_1_30' title="bbox 160 2783 867 2863; baseline 0.007 -21"><span class='ocrx_word' id='word_1_192' title='bbox 160 2783 253 2843; x_wconf 84' lang='lat' dir='ltr'>Totus</span> <span class='ocrx_word' id='word_1_193' title='bbox 277 2784 313 2844; x_wconf 95' lang='lat' dir='ltr'>ab</span> <span class='ocrx_word' id='word_1_194' title='bbox 336 2788 468 2863; x_wconf 88' lang='lat' dir='ltr'>auspicio</span> <span class='ocrx_word' id='word_1_195' title='bbox 490 2804 528 2847; x_wconf 92' lang='lat' dir='ltr'>ne</span> <span class='ocrx_word' id='word_1_196' title='bbox 550 2787 629 2846; x_wconf 87' lang='lat' dir='ltr'>loret</span> <span class='ocrx_word' id='word_1_197' title='bbox 651 2802 747 2847; x_wconf 90' lang='lat' dir='ltr'>annus</span> <span class='ocrx_word' id='word_1_198' title='bbox 769 2789 867 2847; x_wconf 90' lang='lat' dir='ltr'>iners.</span> 
     </span>
     <span class='ocr_line' id='line_1_31' title="bbox 114 2871 889 2954; baseline 0.008 -24"><span class='ocrx_word' id='word_1_199' title='bbox 114 2871 246 2950; x_wconf 86' lang='lat' dir='ltr'>Quisque</span> <span class='ocrx_word' id='word_1_200' title='bbox 271 2890 338 2933; x_wconf 92' lang='lat' dir='ltr'>suas</span> <span class='ocrx_word' id='word_1_201' title='bbox 362 2886 441 2934; x_wconf 87' lang='lat' dir='ltr'>artes</span> <span class='ocrx_word' id='word_1_202' title='bbox 464 2872 501 2934; x_wconf 93' lang='lat' dir='ltr'>oh</span> <span class='ocrx_word' id='word_1_203' title='bbox 524 2873 603 2934; x_wconf 86' lang='lat' dir='ltr'>idem</span> <span class='ocrx_word' id='word_1_204' title='bbox 627 2873 736 2936; x_wconf 91' lang='lat' dir='ltr'>delibat</span> <span class='ocrx_word' id='word_1_205' title='bbox 758 2875 889 2954; x_wconf 82' lang='lat' dir='ltr'>agendo,</span> 
     </span>
     <span class='ocr_line' id='line_1_32' title="bbox 66 2958 894 3042; baseline 0.004 -23"><span class='ocrx_word' id='word_1_206' title='bbox 66 2973 98 3019; x_wconf 78' lang='lat'>70</span> <span class='ocrx_word' id='word_1_207' title='bbox 157 2960 219 3020; x_wconf 91' lang='lat' dir='ltr'>Nec</span> <span class='ocrx_word' id='word_1_208' title='bbox 242 2959 309 3038; x_wconf 92' lang='lat' dir='ltr'>plus</span> <span class='ocrx_word' id='word_1_209' title='bbox 334 2980 421 3040; x_wconf 93' lang='lat' dir='ltr'>quam</span> <span class='ocrx_word' id='word_1_210' title='bbox 444 2961 563 3022; x_wconf 90' lang='lat' dir='ltr'>solitum</span> <span class='ocrx_word' id='word_1_211' title='bbox 585 2964 762 3023; x_wconf 82' lang='lat' dir='ltr'>testificatur</span> <span class='ocrx_word' id='word_1_212' title='bbox 785 2958 894 3042; x_wconf 62' lang='lat' dir='ltr'>opus?</span> 
     </span>
     <span class='ocr_line' id='line_1_33' title="bbox 112 3044 996 3129; baseline 0.005 -24"><span class='ocrx_word' id='word_1_213' title='bbox 112 3047 178 3106; x_wconf 84' lang='lat' dir='ltr'>Mox</span> <span class='ocrx_word' id='word_1_214' title='bbox 203 3066 279 3127; x_wconf 86' lang='lat' dir='ltr'>ego,</span> <span class='ocrx_word' id='word_1_215' title='bbox 304 3044 374 3110; x_wconf 75' lang='lat' dir='ltr'>‘cur</span> <span class='ocrx_word' id='word_1_216' title='bbox 386 3096 395 3129; x_wconf 93' lang='lat'>,</span> <span class='ocrx_word' id='word_1_217' title='bbox 419 3052 552 3128; x_wconf 83' lang='lat' dir='ltr'>quamvis</span> <span class='ocrx_word' id='word_1_218' title='bbox 575 3051 700 3112; x_wconf 90' lang='lat' dir='ltr'>aliorum</span> <span class='ocrx_word' id='word_1_219' title='bbox 723 3053 843 3112; x_wconf 90' lang='lat' dir='ltr'>numina</span> <span class='ocrx_word' id='word_1_220' title='bbox 866 3049 996 3126; x_wconf 86' lang='lat' dir='ltr'>placem,</span> 
     </span>
    </p>
   </div>
   <div class='ocr_carea' id='block_1_4' title="bbox 66 3131 945 3566">
    <p class='ocr_par' dir='ltr' id='par_1_4' title="bbox 66 3131 945 3566">
     <span class='ocr_line' id='line_1_34' title="bbox 156 3131 892 3217; baseline 0 -23"><span class='ocrx_word' id='word_1_221' title='bbox 156 3135 247 3216; x_wconf 87' lang='lat' dir='ltr'>lane,</span> <span class='ocrx_word' id='word_1_222' title='bbox 272 3135 325 3196; x_wconf 92' lang='lat' dir='ltr'>tibi</span> <span class='ocrx_word' id='word_1_223' title='bbox 348 3140 476 3215; x_wconf 92' lang='lat' dir='ltr'>primum</span> <span class='ocrx_word' id='word_1_224' title='bbox 499 3146 567 3199; x_wconf 92' lang='lat' dir='ltr'>tura</span> <span class='ocrx_word' id='word_1_225' title='bbox 589 3156 764 3217; x_wconf 88' lang='lat' dir='ltr'>merumque</span> <span class='ocrx_word' id='word_1_226' title='bbox 788 3131 892 3197; x_wconf 81' lang='lat' dir='ltr'>lero‘?&#39;</span> 
     </span>
     <span class='ocr_line' id='line_1_35' title="bbox 113 3218 915 3305; baseline -0.001 -23"><span class='ocrx_word' id='word_1_227' title='bbox 113 3218 168 3283; x_wconf 78' lang='lat' dir='ltr'>‘Ut</span> <span class='ocrx_word' id='word_1_228' title='bbox 191 3226 288 3302; x_wconf 88' lang='lat' dir='ltr'>possis</span> <span class='ocrx_word' id='word_1_229' title='bbox 311 3225 422 3286; x_wconf 91' lang='lat' dir='ltr'>aditum</span> <span class='ocrx_word' id='word_1_230' title='bbox 446 3244 499 3305; x_wconf 92' lang='lat' dir='ltr'>per</span> <span class='ocrx_word' id='word_1_231' title='bbox 523 3244 570 3286; x_wconf 90' lang='lat' dir='ltr'>me</span> <span class='ocrx_word' id='word_1_232' title='bbox 583 3272 592 3304; x_wconf 96' lang='lat'>,</span> <span class='ocrx_word' id='word_1_233' title='bbox 616 3229 668 3305; x_wconf 90' lang='lat' dir='ltr'>qui</span> <span class='ocrx_word' id='word_1_234' title='bbox 690 3226 789 3285; x_wconf 90' lang='lat' dir='ltr'>limina</span> <span class='ocrx_word' id='word_1_235' title='bbox 813 3239 915 3302; x_wconf 87' lang='lat' dir='ltr'>servo,</span> 
     </span>
     <span class='ocr_line' id='line_1_36' title="bbox 157 3304 945 3392; baseline -0.001 -21"><span class='ocrx_word' id='word_1_236' title='bbox 157 3313 200 3371; x_wconf 82' lang='lat' dir='ltr'>Ad</span> <span class='ocrx_word' id='word_1_237' title='bbox 226 3331 428 3392; x_wconf 92' lang='lat' dir='ltr'>quoscumque</span> <span class='ocrx_word' id='word_1_238' title='bbox 452 3308 548 3373; x_wconf 89' lang='lat' dir='ltr'>voles&#39;</span> <span class='ocrx_word' id='word_1_239' title='bbox 570 3314 668 3391; x_wconf 92' lang='lat' dir='ltr'>inquit</span> <span class='ocrx_word' id='word_1_240' title='bbox 692 3307 816 3371; x_wconf 79' lang='lat' dir='ltr'>‘babere</span> <span class='ocrx_word' id='word_1_241' title='bbox 841 3304 945 3370; x_wconf 88' lang='lat' dir='ltr'>deos.&#39;</span> 
     </span>
     <span class='ocr_line' id='line_1_37' title="bbox 66 3394 879 3476; baseline -0.004 -17"><span class='ocrx_word' id='word_1_242' title='bbox 66 3412 97 3459; x_wconf 77' lang='lat'>75</span> <span class='ocrx_word' id='word_1_243' title='bbox 114 3394 167 3458; x_wconf 74' lang='lat' dir='ltr'>‘At</span> <span class='ocrx_word' id='word_1_244' title='bbox 191 3418 246 3460; x_wconf 91' lang='lat' dir='ltr'>cur</span> <span class='ocrx_word' id='word_1_245' title='bbox 268 3401 342 3460; x_wconf 92' lang='lat' dir='ltr'>laeta</span> <span class='ocrx_word' id='word_1_246' title='bbox 366 3403 426 3461; x_wconf 91' lang='lat' dir='ltr'>tuis</span> <span class='ocrx_word' id='word_1_247' title='bbox 449 3401 590 3461; x_wconf 89' lang='lat' dir='ltr'>dicuntur</span> <span class='ocrx_word' id='word_1_248' title='bbox 613 3398 702 3458; x_wconf 84' lang='lat' dir='ltr'>verba</span> <span class='ocrx_word' id='word_1_249' title='bbox 725 3395 879 3476; x_wconf 84' lang='lat' dir='ltr'>Kalendis,</span> 
     </span>
     <span class='ocr_line' id='line_1_38' title="bbox 157 3480 888 3566; baseline -0.001 -20"><span class='ocrx_word' id='word_1_250' title='bbox 157 3486 196 3547; x_wconf 83' lang='lat' dir='ltr'>Et</span> <span class='ocrx_word' id='word_1_251' title='bbox 219 3488 323 3548; x_wconf 91' lang='lat' dir='ltr'>damus</span> <span class='ocrx_word' id='word_1_252' title='bbox 346 3488 474 3549; x_wconf 90' lang='lat' dir='ltr'>alternas</span> <span class='ocrx_word' id='word_1_253' title='bbox 498 3488 718 3565; x_wconf 89' lang='lat' dir='ltr'>accipimusque</span> <span class='ocrx_word' id='word_1_254' title='bbox 741 3480 888 3566; x_wconf 57' lang='lat' dir='ltr'>preces?</span> 
     </span>
    </p>
   </div>
   <div class='ocr_carea' id='block_1_5' title="bbox 0 0 1198 3892">
    <p class='ocr_par' dir='ltr' id='par_1_5' title="bbox 0 0 1198 3892">
     <span class='ocr_line' id='line_1_39' title="bbox 0 0 1198 3892; baseline 0 0"><span class='ocrx_word' id='word_1_255' title='bbox 0 0 1198 3892; x_wconf 95' lang='lat' dir='ltr'> </span> 
     </span>
    </p>
   </div>
  </div>
 </body>
</html>
