2386 3892
90 193 134 257 54
504 192 675 243 TRISTIUM

130 369 163 418 50
179 357 237 417 Sed
259 374 329 437 pars
353 374 389 417 ex
410 354 469 416 illis
492 364 563 416 tunc
588 373 705 434 quoque
729 356 792 415 viva
815 356 893 418 luit.

179 444 245 505 Sive
269 447 360 523 igitur
383 446 466 505 nimii
489 443 596 505 boreae
620 446 664 504 vis
688 461 773 504 saeva
795 446 943 524 marinas,

179 532 246 593 Sive
269 532 447 594 redundatas
470 533 591 593 [lumine
614 533 694 610 cogit
716 548 825 612 aquas,

177 620 339 702 Protinus,
363 628 487 699 aequato
511 621 598 680 siccis
620 618 808 698 aquilonibus
831 619 952 701 Histro,

178 708 331 769 Invehitur
354 708 444 770 celeri
466 707 611 768 barbarus
633 707 728 768 hostis
751 724 846 788 equo,

130 808 163 856 55
178 796 278 857 Hostis
301 815 378 875 equo
401 796 515 875 pollens
538 795 684 874 longeque
707 794 823 856 volante
846 797 953 876 sagitta

178 884 309 945 Vicinam
332 883 389 944 late
413 883 611 963 depopulatur
632 884 774 944 humum.

180 972 342 1050 Diffugiunt
365 972 414 1032 alii
426 1018 435 1053 ,
458 971 607 1051 nullisque
629 970 783 1033 tuentibus
808 988 895 1050 agros

178 1059 379 1120 incustoditae
402 1059 583 1138 diripiuntur
606 1077 696 1141 opes,

178 1146 268 1209 Ruris
291 1165 362 1228 opes
385 1165 514 1229 parvae,
537 1165 629 1227 pecus
653 1155 683 1208 et
706 1147 860 1209 stridentia
883 1147 1014 1227 plaustra

131 1248 164 1296 60
179 1234 217 1295 Et
240 1254 313 1314 quas
336 1235 452 1297 divitias
475 1235 570 1296 incola
593 1254 706 1317 pauper
728 1235 834 1296 habet.

177 1324 249 1384 Pars
273 1326 369 1403 agitur
392 1326 498 1385 vinctis
521 1332 588 1403 post
611 1332 727 1403 tergum
752 1331 836 1403 capta
858 1322 996 1405 lacertis,

178 1411 351 1492 Respiciens
374 1413 485 1473 frustra
508 1430 578 1473 rura
601 1411 752 1491 laremque
776 1429 881 1492 suum,

178 1500 251 1560 Pars
275 1501 353 1561 cadit
375 1498 500 1560 hamatis
523 1503 630 1561 misere
654 1500 768 1569 confixa
791 1501 924 1578 sagittis:

178 1588 252 1648 Nam
274 1586 388 1648 volucri
411 1588 491 1648 lerro
514 1589 628 1650 tinctile
651 1589 734 1648 virus
756 1589 852 1648 inest.

132 1688 164 1736 ao
180 1674 260 1745 Quae
284 1683 438 1755 nequeunt
461 1694 561 1737 secum
584 1676 664 1736 serre
687 1683 739 1737 aut
761 1675 931 1758 abducere,
955 1674 1082 1755 perdunt,

180 1762 218 1823 Et
240 1770 351 1823 cremat
374 1765 507 1824 insontes
529 1763 643 1824 hostica
665 1763 781 1824 flamma
805 1781 904 1825 casas.

180 1851 264 1912 Tunc
280 1868 397 1929 quoque
406 1897 415 1931 ‚
439 1870 506 1912 cum
520 1870 576 1930 pax
591 1861 653 1932 cst,
675 1851 824 1931 trepidant
842 1852 999 1914 formidine
1012 1849 1083 1928 belli,

179 1938 242 1999 Nec
265 1941 420 2019 quisquam
444 1958 548 2019 presso
572 1957 690 2000 vomere
714 1939 810 2001 sulcat
831 1939 973 2002 humum.

180 2027 238 2087 Aut
265 2026 345 2088 videt
371 2035 422 2088 aut
450 2031 555 2089 metuit
586 2028 669 2089 locus
697 2028 762 2108 hic,
796 2046 885 2107 quem
917 2046 977 2089 non
1003 2026 1082 2104 videt,

629 2117 763 2196 hostem3

133 2217 166 2265 70
181 2203 284 2264 Cessat
305 2206 386 2264 iners
410 2203 505 2284 rigido
527 2213 607 2265 terra
630 2204 734 2264 relicta
757 2206 834 2264 situ.

179 2291 246 2352 Non
269 2291 317 2352 hie
340 2295 494 2372 pampinea
517 2292 612 2353 dulcis
636 2292 708 2353 latet
730 2310 785 2352 uva
808 2292 864 2353 sub
888 2291 1010 2373 umbra,

179 2379 241 2440 Nec
264 2380 416 2441 cumulant
439 2380 512 2441 altos
535 2381 646 2441 lervida
669 2388 766 2441 musta
788 2380 888 2441 lacus.

179 2468 269 2529 Poma
293 2477 378 2547 negat
402 2471 502 2546 regio.
539 2486 594 2529 nco
617 2467 741 2529 haberet
762 2467 928 2548 Acontius,
950 2470 983 2529 in
1005 2483 1054 2546 quo

182 2555 333 2617 Scriberet
355 2557 403 2616 hic
426 2557 562 2617 dominae
584 2555 674 2616 verba
696 2555 820 2634 legenda
843 2574 932 2618 suae.

134 2657 165 2705 75
181 2646 335 2722 Aspiceres
359 2644 454 2704 nudos
478 2646 542 2704 sine
566 2644 693 2724 lroude,
716 2647 781 2704 sinc
804 2643 911 2705 arbore
935 2658 1059 2723 campos:

182 2732 246 2791 Heu
269 2730 334 2792 loca
357 2731 436 2791 ielici
458 2731 675 2792 nou‘adeunda
698 2729 779 2792 viro!

181 2819 259 2897 Ergo
284 2811 343 2878 tam
366 2819 422 2879 late
445 2826 543 2897 pateat
566 2837 634 2880 cum
657 2822 800 2880 maximus
824 2819 924 2901 orbis,

181 2906 261 2967 Haeo
284 2909 382 2967 estin
405 2924 530 2986 poenam
553 2915 633 2967 terra
656 2917 775 2987 reperta
797 2926 910 2968 meam.

565 3102 625 3174 XI.

183 3260 282 3339 Siquis
305 3278 359 3341 es,
383 3260 508 3321 insultes
527 3249 582 3339 ¹qui
606 3260 745 3341 casibus,
769 3261 927 3341 improbe,
950 3256 1062 3331 nostris,

181 3347 287 3426 Meque
311 3368 395 3410 reum
419 3350 537 3426 dempto
561 3349 619 3408 fine
642 3358 784 3409 cruentus
808 3366 894 3429 agm,

182 3435 275 3496 Natus
298 3455 330 3496 es
354 3456 370 3497 e
394 3436 546 3516 scopulis,
570 3438 700 3497 nutritus
724 3437 799 3497 lacte
819 3438 933 3517 lerino,

182 3521 221 3582 Et
243 3523 337 3583 dicam
361 3524 458 3585 silices
481 3530 586 3601 pectus
608 3523 718 3585 habere
741 3533 843 3586 tiurm.
