2386 3892
90 174 132 238 ‘14
506 175 677 226 TRISTIUM

177 340 256 400 Haec
275 356 328 418 ego
349 346 454 399 cuncta
472 341 579 420 prius,
603 356 690 416 quam
709 346 761 417 te,
784 339 960 418 carissime,
979 338 1066 400 creda

130 441 163 488 20
179 428 323 488 Mutatum
346 442 447 486 euram
471 426 643 505 deposuisse
667 428 742 485 mei.

178 516 330 575 Innumeri
353 521 469 574 montes
492 516 570 575 inter
593 531 640 573 me
664 521 753 591 teque
776 514 900 591 viaeque

177 602 370 680 Fluminaque
395 609 425 662 et
448 604 543 680 campi
566 619 621 662 nec
645 601 719 661 freta
743 617 836 679 pauca
859 603 976 663 iacent.

178 689 256 750 Mille
280 697 379 769 potest
401 691 520 770 causis,
544 708 560 750 a
583 697 612 749 te
635 706 710 767 quae
733 688 831 749 littera
855 706 943 768 saepe

179 778 268 838 Missa
292 780 352 857 sit,
375 779 405 837 in
429 785 546 838 nostras
569 795 636 837 rara
659 778 759 836 venire
782 793 906 856 manus;

131 877 164 925 25
179 864 256 926 Mille
280 873 378 926 tamen
402 883 505 926 causas
528 864 685 925 scribendo
708 865 793 924 vince
816 863 1010 947 frequenter,

178 952 325 1015 Excusem
349 971 386 1013 ue
409 962 439 1014 te
463 969 601 1034 semper,
625 954 740 1033 amice,
763 949 851 1012 mihi!

544 1144 640 1218 VIII.

178 1302 238 1363 lam
263 1321 327 1365 mea
351 1321 475 1383 cycneas
498 1305 651 1363 imitantur
675 1310 809 1381 tempora
830 1302 965 1385 plumas,

179 1391 275 1453 Inficit
299 1400 328 1453 et
350 1394 449 1471 nigras
472 1390 536 1452 alba
560 1399 678 1452 senecta
702 1408 817 1451 comas.

178 1479 239 1539 Iam
263 1481 392 1541 subeunt
415 1482 483 1540 anni
506 1479 624 1558 fragiles
648 1486 678 1539 et
700 1481 825 1538 iuortior
848 1487 945 1560 aetas,

107 1589 113 1597 ·
178 1567 298 1646 Iamque
322 1585 425 1647 parum
449 1569 533 1627 firmo
558 1585 604 1627 me
628 1566 699 1626 mihi
722 1566 801 1626 serre
825 1585 912 1645 grave
937 1576 998 1629 est.

149 1653 264 1714 sNunc
288 1665 351 1715 erat
363 1702 372 1735 ,
395 1663 428 1715 ut
452 1657 547 1733 posito
572 1654 710 1715 deberem
734 1656 792 1714 fine
817 1653 951 1715 laborum

179 1740 306 1823 Vivere,
329 1760 376 1802 me
399 1741 480 1802 nullo
504 1741 678 1804 solllcitante
702 1751 782 1803 metu
795 1789 804 1822 ,

182 1828 322 1908 Quaeque
345 1848 427 1890 meae
452 1848 568 1909 semper
591 1830 766 1909 placuerunt
789 1832 848 1890 otia
871 1833 965 1891 menti

182 1916 309 1996 Carpere
334 1925 363 1978 et
386 1919 416 1978 iu
441 1917 546 1978 studiis
569 1917 697 1978 molliter
720 1935 785 1978 esse
809 1920 901 2000 meis,

180 2003 218 2064 Et
240 2022 357 2083 parvam
382 2004 532 2066 celebrare
556 2005 675 2066 domum
699 2015 872 2084 veteresque
896 2006 1018 2067 Penates

134 2104 165 2151 10
180 2090 219 2152 Et
241 2110 316 2171 quae
339 2110 418 2153 nunc
442 2093 560 2153 domino
584 2111 654 2153 rura
677 2103 798 2172 paterna
822 2103 941 2175 carent,

179 2179 272 2258 inque
296 2182 363 2241 sinu
388 2181 522 2241 dominae
546 2183 681 2259 carisque
705 2180 854 2243 sodalibus
878 2184 968 2262 inque

181 2267 311 2328 Securus
333 2270 428 2347 patria
451 2271 641 2329 consenuisse
665 2287 746 2331 mea.

180 2353 258 2416 Haec
282 2373 346 2415 mea
369 2358 411 2417 sic
436 2356 582 2436 quondam
605 2360 706 2435 peragi
729 2366 898 2436 speraverat
921 2365 1015 2438 aetas,

179 2441 239 2504 Hos
263 2462 317 2523 ego
340 2446 383 2504 sic
407 2463 498 2505 annos
521 2463 633 2524 ponere
656 2444 762 2523 dignus
786 2463 884 2506 eram.

134 2542 165 2590 15
179 2531 244 2591 Nou
267 2534 307 2592 ita
331 2533 375 2592 dis
398 2535 515 2612 visum,
539 2534 591 2610 qui
613 2550 660 2592 me
683 2541 823 2611 terraque
846 2537 979 2613 marique

180 2619 285 2680 Actum
310 2619 479 2680 Sarmaticis
503 2638 668 2698 exposuere
691 2618 781 2680 locis.

181 2706 213 2765 In
238 2724 305 2766 cava
330 2707 480 2767 ducuntur
504 2725 625 2785 quassae
649 2708 760 2768 navalia
782 2727 914 2789 puppes,

79 2848 82 2852 ,
180 2792 223 2852 Ne
246 2801 358 2853 temere
381 2796 411 2855 iu
435 2793 540 2854 mediis
563 2794 762 2857 destituantur
786 2799 888 2875 aquIs.

180 2878 223 2939 Ne
247 2880 331 2940 cadat
354 2876 387 2941 et'
406 2881 513 2942 multas
536 2882 646 2960 palmas
670 2883 839 2945 inhonestet
861 2884 1001 2965 adeptus,

132 2981 165 3027 20
180 2966 350 3047 Languidus
373 2971 403 3029 in
427 2973 519 3048 pratis
542 2974 673 3049 gramina
697 2973 793 3050 carpit
816 2990 929 3050 equus

180 3056 264 3117 Miles
288 3055 337 3116 ubi
361 3059 493 3118 emeritis
517 3076 575 3119 non
599 3068 644 3121 est
667 3061 738 3120 satis
763 3058 842 3121 utilis
865 3063 967 3141 annis,

179 3144 266 3205 Ponit
288 3145 323 3205 ad
347 3149 506 3226 antiquos,
530 3165 604 3224 quae
627 3147 717 3227 tulit,
741 3165 821 3207 arma
845 3146 953 3209 Lares.

181 3232 229 3292 Sic
252 3235 365 3314 igitur,
389 3234 471 3293 tarda
494 3236 572 3294 vires
594 3237 746 3296 minuente
770 3244 907 3317 senecta,

180 3318 225 3379 Me
250 3339 367 3400 quoque
392 3322 496 3382 donari
518 3324 575 3382 iam
599 3322 673 3382 rude
697 3331 813 3402 tempus
837 3333 920 3385 erat.

132 3418 165 3465 ‘25
181 3405 310 3485 Tempus
334 3418 397 3469 erat
419 3428 474 3470 nec
497 3428 544 3470 me
568 3413 758 3489 peregrinum
782 3412 892 3472 ducere
916 3409 1037 3486 caelum,

180 3492 240 3554 Nec
264 3497 371 3555 siccam
395 3497 497 3558 Getico
522 3498 602 3558 sonte
624 3498 720 3558 levare
745 3500 842 3579 sitim,
