2386 3892
90 161 157 225 230
493 161 685 213 33333333

113 338 164 388 633
224 325 302 396 Quot
325 342 448 386 numero
471 331 576 403 gentes
597 325 741 384 maximus
764 321 847 385 orbis
869 322 979 385 habet.

178 413 222 474 Ex
246 431 304 473 nno
328 412 446 491 quidam
469 411 603 473 celebres
625 420 677 473 aut
697 413 814 491 torquis
836 411 983 492 adempti,

114 514 118 527 ¹
173 491 181 502 '
224 501 282 561 dut
305 502 386 562 corvi
408 499 510 561 titulos
533 498 682 561 auxiliaris
704 498 831 561 babent.

180 588 306 669 Magne,
328 596 413 650 tuum
435 605 544 648 nomen
567 605 668 650 rerum
691 596 738 648 est
759 605 899 649 mensura
923 595 1056 649 tuarum:

224 676 282 737 Sed
306 678 358 756 qui
380 685 410 737 13
433 678 523 756 31311,
547 678 665 737 nomine
689 677 782 736 maior
804 685 885 737 orat.

115 776 165 826 605
179 764 241 825 Neo
264 765 372 844 gradus
396 773 441 825 est
463 763 540 825 ultra
563 763 669 825 Fabios
693 765 876 842 cognominis
900 762 996 826 ullus:

224 852 275 913 1113
298 853 403 914 domus
426 853 539 913 meritis
563 851 688 913 Maxima
710 851 787 913 dicta
811 855 891 913 suis.

181 940 239 1002 Sed
262 950 361 1002 tamen
383 940 520 1002 humanis
542 939 731 1001 celebrantur
752 939 917 1001 bonoribus
939 957 1056 1022 omnes,

223 1028 278 1089 Hic
301 1030 415 1091 socium
438 1046 553 1089 summo
576 1047 642 1090 cum
665 1027 733 1088 love
757 1046 865 1089 nomen
888 1029 993 1091 babet.

181 1115 287 1177 Sancta
310 1126 414 1177 vocant
436 1126 559 1195 augusta
582 1125 699 1196 patres:
732 1123 856 1196 augusta
877 1125 1020 1179 vocantur

115 1217 165 1266 613
223 1203 344 1285 Templa
367 1204 552 1266 sacerdotum
576 1207 632 1265 rite
655 1203 751 1265 dicata
774 1223 883 1266 manu.

180 1291 275 1354 Huius
298 1302 328 1354 et
350 1294 506 1370 augurium
530 1292 677 1372 dependet
698 1295 813 1372 origine
834 1290 936 1373 verbi,

223 1380 262 1442 Et
284 1381 491 1460 quodcumque
515 1399 568 1443 sua
589 1380 722 1460 luppiter
745 1391 833 1460 anget
855 1399 930 1462 ope.

179 1468 292 1549 Augeat
313 1471 471 1550 imperium
494 1471 590 1530 nostri
612 1469 718 1550 ducis,
742 1477 847 1548 augeat
868 1486 979 1550 annos,

223 1557 364 1637 Protegat
385 1569 416 1619 et
438 1568 551 1618 3331333
574 1575 687 1636 querna
710 1575 818 1619 corona
840 1558 939 1620 iores:

115 1657 166 1706 615
181 1646 418 1724 auspicibusque
441 1646 505 1706 dcis
527 1647 602 1707 tanti
624 1647 807 1724 cognominis
830 1645 918 1707 bores

224 1732 328 1795 Omine
351 1735 575 1813 suscipiatque
598 1741 704 1814 pater,
727 1734 809 1796 orbis
831 1751 926 1796 onus.

483 1869 532 1936 15.
556 1867 585 1935 G
608 1868 704 1936 CAR

179 1995 330 2075 Respiciet
350 1994 437 2058 Titan
460 2005 540 2058 actas
562 1997 615 2058 ubi
636 1999 744 2060 tertius
766 1996 854 2078 ldus,

223 2084 310 2145 Fient
331 2083 504 2148 Parrbasiae
526 2103 609 2146 saera
631 2085 724 2147 relata
746 2085 837 2147 deae.

179 2171 252 2232 Nam
275 2174 359 2251 prius
381 2172 525 2234 Ausonias
548 2181 658 2235 matres
681 2182 821 2254 carpenta
843 2171 1005 2234 vehebant:

115 2271 166 2321 633
224 2259 303 2321 Η333
326 2279 444 2341 quoque
468 2261 504 2322 ab
527 2261 656 2323 Evandri
678 2262 757 2323 dicta
778 2269 900 2342 parente
922 2278 1009 2322 3333.

179 2347 244 2408 blox
268 2348 364 2409 bonor
387 2350 512 2428 eripitur
524 2398 533 2431 ‚
557 2358 748 2430 matronaque
772 2349 900 2411 destinat
921 2350 1018 2410 omnis

222 2435 356 2516 Ingratos
378 2437 458 2498 nulla
480 2437 563 2517 prole
586 2456 694 2499 novare
716 2439 815 2499 viros:

181 2523 259 2585 Neve
283 2524 491 2605 daretpartus
503 2571 513 2606 ,
535 2528 597 2587 ictu
620 2527 775 2587 temeraria
798 2543 886 2587 caeco

222 2611 392 2675 Visceribus
416 2631 554 2674 crescens
577 2614 745 2675 excutiebat
765 2632 858 2675 onus.

114 2710 164 2762 625
179 2699 364 2779 Corripuisse
388 2710 487 2781 patres
510 2720 596 2763 ausas
618 2703 742 2763 immitia
764 2709 890 2782 nuptas,

222 2787 272 2848 133
295 2794 392 2849 tamen
416 2798 585 2869 exemptum
607 2792 774 2851 restituisse
796 2791 916 2851 ierunt:

178 2874 310 2955 binaque
333 2893 412 2937 nunc
435 2880 547 2956 pariter
569 2878 718 2957 Tegeaeae
742 2894 825 2939 sacra
846 2879 964 2957 parenti

222 2962 280 3023 Pro
303 2966 405 3043 pueris
427 2966 493 3026 11331
514 2965 738 3044 virginibusque
759 2964 881 3026 iubent.

179 3050 301 3113 Scortea
323 3069 383 3112 non
406 3051 448 3113 1111
471 3052 515 3114 133
538 3055 716 3115 3311313333
739 3052 864 3136 sacello,

112 3152 163 3201 633
221 3139 264 3200 Ν3
288 3139 397 3201 violent
419 3158 510 3221 puros
534 3145 696 3203 exanimata
719 3141 817 3203 locos.

178 3227 278 3306 Siquis
301 3246 380 3290 amas
403 3237 519 3290 veteres
541 3231 639 3310 ritus,
663 3229 772 3291 adsiste
796 3230 950 3308 precantis

220 3314 345 3377 Nomina
367 3319 514 3398 percipies
537 3336 597 3379 non
619 3317 674 3380 tibi
696 3326 765 3379 nota
787 3319 890 3398 prins.

178 3401 311 3464 Porrima
333 3405 466 3485 placatur
488 3405 723 3487 Postuertaque,
745 3407 807 3467 sive
830 3422 963 3486 sorores,

222 3488 289 3550 Sive
312 3492 397 3571 lugac
421 3495 567 3575 comites,
588 3493 712 3554 Maenali
734 3493 800 3583 diva
812 3540 822 3574 ‚
844 3502 936 3556 1333.
