2386 3892
443 190 662 241 tvm—mu

138 352 170 413 Si
192 370 250 413 vox
272 350 418 430 infragilis
430 397 439 431 ,
462 359 568 430 peetus
591 351 664 412 mihi
686 353 800 413 firmius
823 371 909 435 aere,

137 440 286 519 Pluraque
310 456 378 500 eum
401 438 509 518 linguis
532 438 667 519 pluribus
691 457 742 500 ora
765 441 880 523 forent,

88 540 122 588 oo
137 527 203 588 Non
226 536 326 589 tamen
350 526 461 588 ideireo
485 527 699 607 complecterer
722 531 819 589 omnia
842 528 957 606 verbis,

138 617 260 676 Materia
283 617 362 675 vires
386 623 582 694 exsuperante
606 633 702 676 meas.
821 668 826 676 .

137 704 197 764 Pro
221 703 296 764 dirce
320 703 433 763 Neritio
457 703 537 763 docti
559 702 634 763 mala
656 712 757 765 nostra
779 713 884 784 poetae

140 791 290 852 Scribite:
313 791 427 851 Neritio
450 808 518 850 nam
541 790 616 851 mala
638 790 723 869 plura
747 792 818 854 tuli.

138 878 190 940 llle
214 879 297 940 brevi
320 881 414 958 spatio
439 877 538 939 multis
563 881 672 939 erravit
694 881 724 939 in
749 882 833 940 anuis

89 982 124 1030 eo
138 966 220 1027 Inter
243 965 392 1028 Dulichias
414 965 576 1045 lliaoasque
599 966 720 1029 domos:

139 1054 200 1116 Nos
224 1056 300 1115 freta
323 1055 471 1115 sideribus
494 1056 565 1116 totis
587 1053 725 1116 distantia
746 1074 866 1118 mensos

139 1141 162 1223 †
184 1142 297 1204 Detulit
319 1145 351 1204 iu
374 1141 492 1203 Geticos
516 1141 752 1222 Sarmaticosque
777 1147 877 1206 sinus.

138 1232 190 1293 llle
213 1230 317 1291 habuit
339 1231 485 1310 fidamque
508 1248 628 1291 manum
651 1233 807 1311 sociosque
831 1232 950 1295 fideles:

139 1321 184 1382 llle
207 1320 368 1399 profugum
391 1320 514 1379 comites
538 1319 698 1379 deseruere
721 1323 797 1380 mei.

94 1422 126 1470 eo
140 1408 191 1469 llle
210 1425 295 1468 suam
317 1407 412 1468 laetus
434 1409 560 1485 patriam
583 1408 737 1485 victorque
761 1406 898 1485 petebat:

139 1497 162 1556 A
186 1497 281 1576 patria
303 1495 367 1573 lugi
389 1498 484 1556 rietus
508 1503 538 1555 et
562 1494 630 1555 exul
653 1512 726 1573 ego.

140 1585 200 1645 Neo
222 1583 296 1644 mihi
317 1582 485 1644 Dulichium
508 1583 612 1643 domus
637 1592 682 1644 est
702 1581 838 1645 lthaoeve
863 1583 1020 1664 Samosve,

140 1673 237 1733 Poena
260 1672 369 1751 quibus
391 1689 450 1732 nou
474 1678 520 1731 est
542 1671 661 1750 grandis
685 1671 788 1733 abesse
811 1672 902 1753 loeis,

142 1760 198 1821 Sed
222 1778 297 1839 quae
321 1760 357 1820 de
381 1768 494 1839 septem
517 1768 612 1820 totum
636 1761 838 1841 circumspicit
861 1761 963 1823 orbem

98 1861 128 1909 ro
141 1848 313 1928 Montibus,
335 1849 452 1925 imperii
474 1847 566 1908 Roma
590 1845 737 1927 deumque
762 1848 862 1910 loeus.

140 1936 184 1997 llli
206 1954 316 2014 eorpus
339 1943 403 1995 erat
425 1935 533 1996 durum
555 1937 730 2015 patiensque
753 1936 904 1998 laborum:

142 2018 286 2085 Invalidae
309 2026 387 2083 vires
409 2024 612 2102 ingenuaeque
635 2024 724 2084 mihi.

140 2112 189 2173 llle
213 2121 278 2173 erat
300 2110 417 2172 assidue
441 2114 534 2171 saeris
557 2114 683 2190 agitatus
705 2114 736 2172 in
760 2113 868 2173 armis:

140 2201 288 2262 Adsuetus
312 2198 417 2260 studiis
439 2198 577 2260 mollibus
600 2202 663 2280 ipse
688 2200 748 2260 lui.

101 2300 128 2348 11
141 2288 185 2350 lle
209 2289 284 2350 deus
307 2289 476 2367 oppressit,
499 2285 579 2348 nullo
603 2287 678 2348 mala
700 2295 802 2348 nostra
824 2287 956 2348 levante:

141 2377 279 2439 Bellatrix
302 2375 344 2436 illi
367 2375 432 2436 diva
455 2374 568 2435 serebat
591 2392 696 2453 opem.

141 2464 273 2544 Cumque
291 2467 389 2524 minor
407 2462 475 2523 lore
494 2466 550 2544 sit,
568 2461 689 2522 tumidis
708 2465 759 2541 qui
780 2470 885 2539 regnat
902 2465 934 2521 in
953 2459 1057 2540 undis,

141 2552 224 2615 lllum
247 2551 399 2631 Neptuni,
422 2568 470 2611 me
492 2549 570 2610 lovis
592 2552 637 2610 ira
659 2552 784 2628 premit.

140 2642 243 2720 Adde,
267 2640 346 2719 quod
368 2639 447 2700 illius
470 2657 539 2718 pars
561 2639 686 2698 maxima
709 2638 777 2698 ficta
800 2635 951 2719 taborum,

102 2735 129 2786 11
142 2727 265 2790 Ponitur
288 2730 317 2788 in
342 2728 453 2789 nostris
475 2726 573 2787 fabula
596 2725 675 2787 nulla
701 2725 802 2787 malis.

141 2814 272 2896 lienique
296 2818 445 2895 quaesitos
468 2817 565 2893 tetigit
586 2823 685 2876 tamen
713 2814 762 2876 ille
785 2823 925 2895 penates,

143 2905 282 2984 Quaeque
305 2905 355 2965 diu
378 2904 465 2982 petiit
477 2949 486 2984 ‚
509 2905 633 2982 contigit
655 2922 723 2964 arra
746 2911 864 2965 tamen:

141 2993 272 3054 1111111111
294 2999 439 3073 perpetuo
463 2993 557 3070 patria
579 2990 685 3052 tellure
709 2992 869 3054 carendum
893 2996 956 3066 est,

142 3079 177 3142 Ni
198 3083 290 3143 luerit
311 3081 384 3142 laesi
407 3077 523 3139 mollior
545 3081 589 3139 ira
613 3079 669 3140 dei.

521 3272 581 3346 VI.

141 3433 200 3496 Neo
223 3441 339 3496 tantum
363 3431 458 3494 Clario
481 3430 560 3510 Lyde
585 3427 690 3488 dilecta
714 3432 833 3505 poetae,

141 3519 199 3584 Neo
222 3529 339 3584 tautum
363 3520 422 3581 Coo
445 3519 532 3579 Bittis
555 3523 649 3576 amata
673 3531 726 3574 suo
751 3519 810 3592 ost,
