2386 3892
91 177 157 243 240
498 177 690 230 rasponum

224 342 373 404 Turbidus
397 341 529 402 bibernis
552 341 601 401 ille
624 340 735 402 tiuebat
757 343 840 419 aquis
863 375 899 385 -

181 431 282 493 Castra
306 431 369 492 loco
393 438 525 510 ponunt:
559 430 708 490 destrictis
732 429 853 491 ensibus
876 432 935 510 ipsi

225 519 410 598 Tyrrhenum
435 517 527 577 valido
551 517 643 577 blarte
667 536 720 597 per
743 536 847 597 agmen
871 527 963 598 eunt3

181 607 245 667 Non
270 608 376 688 aliter,
402 625 489 685 qnam
513 623 582 666 oum
605 604 712 684 Libyca
736 605 772 666 de
796 623 871 685 rupe
894 605 996 669 leones

113 708 166 756 210
224 694 369 756 lnvaduut
392 712 511 774 sparsos
534 693 590 754 lata
615 711 668 772 per
691 711 760 755 arva
783 712 906 772 greges.

180 783 343 862 Diffugiunt
366 783 488 861 hostes,
512 781 725 860 inhonestaque
749 781 868 842 volnera
891 791 976 861 tergo

224 874 402 951 Accipiunt:
434 871 531 930 Tusco
556 871 698 948 sanguine
722 878 802 931 terra
824 868 930 931 rubet.

182 959 229 1019 Sic
253 962 384 1038 iterum,
408 961 450 1019 sic
474 976 561 1037 saepe
586 958 715 1018 cadunt.
756 957 808 1018 ubi
832 960 951 1019 vincere
976 968 1073 1038 aperte

225 1047 289 1109 Non
314 1048 400 1107 datur
413 1093 422 1128 ,
445 1045 565 1106 insidias
589 1063 727 1124 armaque
752 1053 829 1107 tecta
851 1055 974 1124 parant.

115 1145 167 1195 215
183 1135 309 1213 Campus
333 1143 396 1195 erat
409 1181 417 1214 ,
441 1136 537 1212 campi
560 1133 735 1195 claudebant
757 1134 860 1194 ultima
884 1133 974 1195 colles

225 1223 361 1301 Silvaque
386 1230 537 1282 montanas
561 1221 697 1282 occulere
721 1230 788 1302 apta
811 1224 906 1285 ieras.
945 1272 949 1280 .

181 1311 212 1370 ln
238 1312 333 1370 medio
357 1328 466 1390 paucos
490 1319 680 1389 armentaque
704 1328 770 1372 rara
792 1310 983 1389 relinquunt,

226 1399 330 1460 Cetera
353 1399 487 1477 virgultis
511 1398 607 1458 abdita
631 1398 718 1458 turba
741 1398 828 1460 latet.

182 1487 258 1548 Ecce
284 1487 364 1549 velut
387 1495 505 1547 torrens
528 1487 616 1547 undis
638 1486 814 1566 pluvialibus
837 1494 942 1547 auctus

116 1587 167 1636 220
226 1577 284 1636 Aut
306 1579 395 1656 nive,
419 1592 494 1654 quae
517 1575 643 1654 zephyro
667 1578 743 1635 victa
766 1583 885 1654 tepente
909 1574 992 1656 fluit,

182 1663 238 1724 Per
262 1671 322 1723 sata
346 1682 458 1742 perque
481 1665 542 1723 vias
560 1663 661 1724 lentur
674 1710 682 1742 ‚
706 1681 783 1744 nec,
806 1672 840 1723 ut
863 1670 931 1723 ante
955 1662 1083 1743 solebat,

226 1752 367 1828 Riparum
391 1752 504 1810 clausas
528 1752 659 1828 margine
683 1752 747 1811 finit
769 1769 877 1829 aquas:

184 1839 232 1898 Sic
257 1837 339 1898 Fabii
362 1838 463 1898 vallem
487 1839 551 1898 latis
576 1838 759 1901 discursibus
782 1838 923 1920 implent,

227 1926 371 2004 Quodque
390 1927 491 1986 vident
502 1974 510 2007 ,
530 1935 686 1988 sternunt:
723 1945 778 1988 nec
798 1935 894 1988 metus
914 1926 987 1987 alter
1006 1929 1095 1988 inest.

116 2026 168 2075 225
189 2015 252 2085 Quo
277 2017 385 2094 ruitis,
409 2032 551 2093 generosa
574 2011 711 2076 domus?
743 2015 817 2076 male
840 2013 962 2076 creditis
985 2016 1079 2077 hosti.

227 2102 356 2180 Simplex
381 2102 539 2182 nobilitas,
562 2103 673 2182 perfida
697 2102 752 2162 tela
776 2101 863 2164 cave!

183 2190 297 2250 Fraude
320 2192 398 2269 perit
421 2192 536 2251 virtus.
577 2193 608 2251 in
632 2198 749 2271 apertos
772 2191 903 2270 undique
927 2209 1047 2272 campos

226 2278 387 2340 Prosiliunt
409 2278 510 2338 hostes
534 2288 564 2340 et
586 2278 663 2339 latus
686 2297 772 2339 omne
796 2287 915 2340 tenent.

183 2367 258 2437 Quid
284 2368 390 2427 iaciant
412 2369 499 2446 pauci
523 2374 624 2426 contra
647 2374 691 2427 tot
714 2366 792 2427 milia
816 2364 934 2427 fortes?

116 2467 166 2516 230
226 2455 360 2531 Quidve,
385 2454 463 2533 quod
487 2456 517 2514 in
542 2457 648 2515 misero
673 2463 805 2534 tempore
828 2462 944 2536 restet,
968 2451 1073 2517 adest?

184 2543 267 2603 Sicut
290 2562 360 2623 aper
383 2545 467 2621 longe
492 2542 572 2603 silvis
595 2542 793 2604 Laurentibus
816 2549 900 2604 actus

226 2631 379 2692 Fulmineo
403 2631 515 2691 celeres
538 2630 734 2709 dissipatore
758 2649 863 2710 caneS,

183 2719 248 2778 Mox
273 2729 370 2779 tamen
393 2722 457 2798 ipse
481 2720 580 2799 perit,
603 2721 645 2778 sio
669 2736 728 2778 non
752 2720 921 2779 moriuntur
944 2718 1047 2792 inulti,

226 2805 408 2885 Volneraque
432 2807 543 2868 alterna
567 2807 695 2885 dantque
720 2808 879 2885 teruntque
903 2824 1008 2867 manu.

112 2906 167 2956 235
184 2895 245 2956 Una
269 2894 331 2953 dies
355 2894 461 2954 Fabios
484 2895 519 2955 ad
544 2893 651 2955 bellum
674 2896 795 2956 miserat
818 2912 938 2974 omnes,

106 2976 112 2984 ’
225 2983 268 3043 Ad
292 2981 401 3042 bellum
426 2985 531 3042 missos
554 2983 682 3062 perdidit
705 3000 763 3043 una
786 2983 867 3043 dies.

181 3070 219 3132 Ut
241 3080 338 3132 tamen
363 3070 525 3131 Herculeae
549 3078 740 3151 superessent
763 3073 875 3132 semina
899 3072 1013 3150 gentis,

226 3158 371 3220 Credibile
396 3168 441 3220 est
463 3161 543 3238 ipsos
567 3158 750 3220 consuluisse
774 3160 862 3220 deos.

180 3247 252 3306 Nam
276 3266 351 3325 puer
375 3246 508 3326 impubes
532 3254 562 3307 et
585 3248 679 3308 adbuc
703 3265 762 3306 non
787 3246 866 3307 utilis
890 3247 980 3307 armis

115 3345 166 3394 240
225 3334 307 3395 Unus
331 3337 367 3396 de
391 3335 479 3396 Fabia
502 3342 589 3414 gente
613 3334 734 3395 relictus
757 3342 840 3395 erat:

183 3420 301 3483 Scilicet
324 3432 357 3484 ut
380 3442 482 3502 posses
505 3423 575 3483 olim
599 3431 630 3484 tu
643 3469 652 3504 ,
675 3421 822 3502 Maxime,
845 3423 942 3503 nasci,

226 3509 281 3569 Cui
304 3528 353 3570 res
376 3511 541 3572 cunctando
564 3512 747 3572 restituenda
771 3511 864 3572 loret.
