2386 3892
427 169 473 220 vt.
492 170 623 221 eo-rao.
960 164 1027 233 335

112 334 162 393 Sic
186 333 311 412 statuit,
332 348 509 409 mensesque
533 339 602 392 nota
626 331 753 394 secrevit
775 331 895 394 eadem:

41 489 49 496 ⁵
155 421 257 481 lunius
281 426 327 479 est
349 422 511 498 iuvenum
535 420 586 497 qui
609 419 666 480 iuit
687 425 755 481 ante
768 465 778 500 ,
801 413 941 482 senum.'

111 509 211 568 Dixit.
253 515 283 567 et
305 508 336 568 in
360 507 442 568 litem
465 505 564 567 studio
587 508 759 569 certaminis
780 508 893 589 issent,

61 611 96 659 eo
156 596 251 674 Atque
274 597 318 655 ira
341 597 436 673 pietas
459 592 641 655 dissimulata
664 595 742 657 ioret
765 628 798 639 -

112 684 198 744 Venit
221 683 372 762 Apollinea
394 682 497 760 longas
520 681 684 743 Concordia
707 682 790 744 lsuro

155 770 234 831 Nera
257 788 378 849 comas,
401 768 508 848 placidi
531 786 641 831 numen
663 787 798 849 opusque
820 769 925 833 ducis.

113 859 191 920 Haec
215 858 266 918 ubi
289 859 419 918 narravit
441 855 559 917 Tatium
582 856 749 937 fortemque
772 855 929 928 Quirinum

156 947 288 1025 Binaque
311 963 380 1006 cum
402 943 519 1024 populis
541 961 632 1024 regua
655 947 752 1007 coisse
774 946 855 1026 suis,

64 1050 97 1097 eo
113 1035 151 1096 Et
173 1035 233 1095 iare
258 1036 407 1095 communi
430 1050 550 1094 soceros
573 1050 761 1113 generosque
783 1040 940 1116 receptos,

158 1118 226 1182 ‘His
251 1139 358 1182 nomen
381 1123 491 1183 iunctis
513 1116 633 1183 lunius'
655 1122 754 1201 inquit
777 1115 916 1185 ‘habat'

114 1211 197 1270 Dicta
220 1208 326 1288 triplex
350 1227 437 1270 eausa
461 1215 527 1271 est.
569 1217 599 1271 at
621 1226 674 1271 vos
695 1211 863 1293 ignoscite,
886 1208 987 1273 dirae:

158 1298 216 1357 Res
240 1304 287 1357 est
309 1296 430 1359 arbitrio
453 1314 513 1357 non
536 1296 701 1359 dirimenda
724 1314 809 1360 uteo.

114 1387 156 1447 lte
179 1403 266 1464 pares
289 1403 304 1445 a
328 1403 397 1446 me.
437 1386 592 1463 perierunt
614 1385 712 1447 iudice
736 1384 848 1447 iormae
937 1430 941 1447 .
973 1396 1029 1450 (1⁰⁵)

49 1489 100 1536 1oo
158 1473 321 1551 Pergama.
361 1473 429 1552 plus
452 1473 594 1552 laedunt,
617 1491 705 1553 quam
727 1474 810 1535 iuvet
831 1490 891 1537 una
903 1520 912 1555 ,
935 1472 1030 1535 duae.

372 1611 399 1675 1.
423 1607 692 1692 [tantun-tu

115 1736 213 1797 Prima
237 1736 300 1797 dies
328 1735 405 1816 tihi,
429 1735 545 1817 derna,
568 1735 677 1799 datur.
717 1735 772 1799 dee
799 1735 931 1799 osrdinis
957 1734 1031 1799 haee

661 1831 725 1889 est:

160 1911 286 1972 Numine
309 1910 408 1973 clausa
431 1913 548 1994 aperit,
570 1911 680 1976 claudit
702 1919 805 1994 aperto
828 1931 900 1978 suo.

117 1999 199 2059 Unde
223 1999 305 2059 datas
328 1999 433 2061 habeat
455 2002 535 2062 vires
546 2047 556 2082 ,
578 1999 735 2064 ohscurior
756 2017 828 2064 aevo

161 2087 270 2146 Fama:
303 2085 395 2146 sede
419 2095 522 2149 nostro
544 2091 675 2150 carmine
699 2090 902 2152 comeaeris.
937 2154 940 2163 ,

51 2188 101 2237 tot
117 2175 237 2234 Adiacet
260 2174 399 2251 antiquus
422 2171 561 2234 Tiberino
584 2173 670 2236 lucus
692 2174 833 2238 Heierni:

161 2261 320 2322 Pontifices
342 2259 413 2320 illuc
436 2277 515 2321 nunc
539 2277 658 2339 quoqne
680 2261 905 2325 sscra'ierunt.

118 2350 187 2410 inda
211 2357 273 2409 sata
296 2356 343 2409 est
365 2347 492 2428 nymphe
512 2380 544 2390 -
564 2347 697 2411 Cranaen
719 2347 822 2410 dixere
843 2350 961 2429 priores
981 2382 1014 2394 ·-

161 2438 344 2518 Nequiquam
368 2435 468 2497 multis
491 2453 580 2516 saepe
601 2436 694 2516 petita
714 2436 832 2516 procis.

118 2527 196 2586 Rura
220 2527 306 2604 sequi
318 2572 327 2605 ,
349 2522 512 2604 iaculisque
535 2524 614 2587 ieras
635 2525 747 2603 agitare
769 2520 899 2599 solebat,

54 2629 102 2676 110
162 2613 354 2692 Nodosasque
376 2629 447 2673 cava
468 2611 591 2677 tendere
614 2612 688 2674 vallo
710 2611 826 2691 plagas.

118 2703 183 2763 Non
206 2700 309 2764 habuit
330 2700 521 2781 pharetram,
543 2698 657 2763 Phoebi
682 2707 782 2763 umen
808 2716 875 2763 esse
898 2717 1032 2763 sororem

163 2789 351 2872 Credebant3
374 2807 430 2851 nco
452 2796 539 2870 erat,
559 2786 680 2861 Phoebe
693 2834 712 2870 ,¹
725 2786 863 2869 pudenda
885 2787 956 2852 tibi.

120 2875 195 2935 Huic
217 2877 322 2957 aliquis
345 2879 485 2938 iuvenum
507 2876 631 2939 dixisset
653 2878 780 2943 mantis
794 2876 909 2958 ¹verba,
970 2918 977 2929 ·

164 2961 315 3027 Reddebat
337 2964 410 3027 tales
432 2964 570 3045 protinus
592 2962 642 3027 illa
664 2983 773 3029 sonest

56 3063 105 3110 115
122 3047 215 3110 ‘Haec
238 3048 301 3110 ioca
323 3051 399 3115 iucis
416 3046 526 3123 hahent
543 3055 651 3135 nimis,
674 3061 791 3117 etcum
809 3051 876 3113 luce
890 3050 1033 3162 qudoris.
1162 3050 1172 3065 ”

166 3139 196 3199 Si
219 3145 334 3201 secreta
355 3143 451 3221 magis
470 3141 555 3205 ducis
577 3144 608 3205 in
631 3149 716 3203 antra
727 3186 737 3221 ,
760 3156 888 3217 sequor.

121 3226 265 3288 credulus
288 3235 356 3289 ante
377 3235 412 3291 ut
433 3231 489 3311 iit,
513 3230 636 3291 frutices
657 3227 839 3303 haecnaetc
862 3226 994 3307 resistit,
1101 3232 1106 3242 '

164 3315 201 3375 Et
224 3314 316 3396 latet,
339 3326 370 3379 et
391 3316 473 3378 nullo
496 3324 542 3381 est
562 3314 740 3377 invenienda
762 3312 868 3376 modo.

120 3403 239 3465 Viderat
261 3402 336 3465 liano
358 3403 448 3467 lenus
460 3450 470 3486 ,
493 3407 630 3483 visaeque
654 3401 794 3482 cupidine
816 3409 921 3482 captus

56 3504 105 3552 ano
164 3492 207 3552 Ad
231 3491 336 3553 duram
358 3489 457 3553 verbis
480 3489 620 3587 mollibus
642 3508 715 3555 usus
738 3498 818 3577 orat.
841 3516 843 3521 ·
934 3524 940 3567 5
