2386 3892
462 187 498 240 ii
518 191 665 242 ato-283.

151 347 229 413 ‘Este
253 347 381 430 procul,
404 350 493 410 vittae
515 356 643 431 tenues,
665 352 781 428 insigne
803 351 945 431 pudoris,

152 439 291 516 Quaeque
314 439 391 516 tegis
414 436 526 497 medios
548 438 651 498 instita
673 436 758 516 longa
780 438 889 518 pedesi

151 527 196 587 Nil
217 527 278 587 nisi
299 524 463 604 legitimum
486 541 684 606 concessaque
708 525 787 588 furta
810 545 967 610 canemus,

98 615 242 693 toolnque
265 630 333 673 meo
355 611 468 673 nullum
492 614 622 672 carmine
647 615 760 674 crimen
783 615 860 676 erit’

151 701 265 780 Ecquid
288 700 324 760 ab
346 699 402 760 hac
424 716 526 760 omnes
549 699 643 778 rigido
666 702 879 763 summovimus
901 702 990 785 Arte,

152 790 230 860 Quas
254 787 328 849 stola
351 789 482 865 contingi
499 789 629 866 vittaque
653 798 769 868 sumpta
792 787 896 851 aetat?

153 873 199 939 ‘Aa
221 884 355 937 matrona
377 882 476 953 potest
499 874 601 936 alienis
625 875 738 938 artibus
761 879 823 959 uti,

152 963 296 1042 Quodque
319 961 439 1042 trahat,
462 965 594 1040 quamvis
616 981 676 1024 non
699 963 840 1026 doceatur
852 1010 861 1046 ,
883 961 993 1027 habet’

96 1061 138 1112 too
151 1051 197 1113 Nil
219 1053 311 1130 igitur
333 1058 466 1110 matrona
489 1049 587 1131 legat,
610 1054 679 1129 quia
701 1055 831 1114 carmine
854 1050 890 1113 ab
913 1055 994 1115 omni

150 1141 194 1201 Ad
217 1137 448 1216 delinquendum
471 1137 586 1199 doctior
609 1156 674 1200 esse
697 1148 813 1218 potest.

152 1225 366 1305 Quodcumque
389 1226 540 1305 attigerit,
564 1227 647 1304 siqua
670 1235 717 1287 cst
739 1226 871 1289 studiosa
894 1229 1026 1310 sinistri,

150 1314 194 1375 Ad
216 1315 321 1375 vitium
343 1329 442 1373 mores
464 1315 593 1374 instruet
614 1313 683 1373 iude
707 1331 794 1374 suos.

153 1402 321 1481 Sumpserit
342 1399 491 1480 Annales,
516 1432 554 1443 -
579 1399 653 1460 nihil
674 1409 721 1461 cst
743 1401 888 1462 hirsutius
909 1400 968 1463 illis
987 1436 1031 1446 -

95 1499 138 1550 aco
151 1489 240 1550 Facta
263 1491 302 1549 sit
324 1486 402 1549 unde
425 1505 533 1567 parens
554 1486 628 1567 iiia,
650 1505 757 1568 nempe
780 1488 875 1567 leget.

152 1577 335 1656 Sumpserit,
357 1575 527 1636 Aeneadum
550 1577 684 1654 genetrix
707 1574 759 1637 ubi
781 1579 892 1656 prima,
917 1580 1066 1660 requiret,

150 1664 320 1726 Aeneadum
342 1665 477 1741 genetrix
500 1663 579 1723 unde
602 1666 641 1725 sit
663 1663 738 1724 aima
760 1663 876 1727 Venus.

152 1753 331 1830 [Persequar
353 1752 500 1830 inferius,
522 1751 609 1811 modo
633 1753 658 1811 si
680 1751 750 1813 licet
772 1753 875 1814 ordine
899 1753 988 1831 ferri,

151 1840 241 1901 Posse
265 1856 373 1899 nocere
397 1840 502 1898 animis
525 1840 663 1899 carminis
686 1857 772 1900 omne
795 1859 889 1919 genus
900 1840 921 1918 .]

93 1939 137 1996 265
150 1928 215 1988 Nou
239 1934 337 1987 nmen
360 1925 471 1987 idcirco
494 1928 606 1987 crimen
628 1926 704 1987 liber
727 1930 822 1989 omnis
845 1928 981 1990 habebit.

150 2015 198 2077 Nil
219 2015 363 2095 prodest,
386 2014 465 2091 quod
488 2030 547 2075 nou
569 2013 685 2075 laedere
708 2016 803 2094 possit
824 2015 920 2077 idem.

150 2103 221 2182 lgne
245 2102 316 2181 quid
339 2097 472 2161 utilius?
508 2103 601 2180 siquis
623 2110 721 2163 tamen
745 2120 833 2163 urere
856 2111 934 2164 tecta

151 2191 309 2270 Comparat
321 2234 331 2269 ,
354 2188 479 2249 audaces
501 2191 623 2250 instruit
644 2192 712 2268 igne
735 2206 857 2263 maniis.

152 2279 248 2358 Eripit
270 2277 441 2358 interdum,
464 2275 550 2336 modo
573 2276 623 2338 dat
647 2276 792 2338 medicina
815 2277 957 2356 salutem,

90 2375 137 2426 220
152 2367 292 2443 Quaeque
311 2366 409 2444 iuvet,
431 2370 595 2444 monstrat,
618 2380 752 2441 quaeque
771 2366 810 2424 sit
827 2364 918 2425 herba
936 2381 1066 2425 nocens.

152 2453 190 2514 Et
211 2453 287 2513 latro
311 2460 341 2513 et
364 2461 467 2513 cautus
489 2452 690 2531 praecingitur
713 2468 784 2511 ense
807 2453 919 2530 viator3

152 2541 203 2601 Ille
227 2540 279 2600 scd
301 2539 444 2620 insidias,
467 2539 516 2599 hic
538 2538 595 2598 sihi
616 2543 717 2616 portat
739 2554 841 2616 opem.

153 2629 283 2689 Discitur
305 2630 448 2688 innocuas
471 2634 505 2688 ut
526 2635 593 2704 agat
614 2623 750 2686 facundia
773 2641 895 2706 causas3

151 2717 286 2794 Protegit
306 2715 379 2775 haec
402 2721 524 2793 sontes,
547 2715 760 2791 inmeritosque
783 2715 909 2791 premit.

89 2815 137 2865 225
153 2804 202 2865 Sic
225 2806 316 2882 igitur
339 2820 480 2882 carmen,
502 2810 583 2863 recta
606 2804 632 2861 si
655 2810 753 2863 mente
776 2801 909 2884 legatur,

154 2891 327 2968 Constabit,
350 2890 423 2951 nulli
445 2907 532 2968 posse
551 2906 658 2950 nocere
682 2906 798 2952 meum.

153 2975 202 3040 ‘At
225 2978 364 3057 quasdam
386 2980 457 3039 vitio
471 2972 490 3037 ‚⁹
514 2979 693 3056 quicumque
715 2978 772 3038 hoc
796 2979 947 3057 concipit,
970 2985 1068 3056 errat,

152 3066 191 3127 Et
212 3069 337 3127 nimium
360 3067 478 3144 scriptis
502 3073 619 3143 arrogat
640 3065 689 3125 ilie
713 3068 803 3126 meis.

153 3154 192 3214 Ut
214 3162 312 3215 nmen
330 3153 386 3214 hoc
409 3152 523 3232 fatear,
546 3152 607 3213 iudi
631 3171 749 3231 quoque
772 3153 885 3212 semina
906 3148 1052 3228 praebent

89 3253 138 3303 280
153 3243 330 3320 Nequitiac:
352 3240 415 3301 tolli
437 3248 498 3301 tota
521 3239 635 3301 theatra
658 3237 745 3300 iubet

150 3329 298 3391 Peccandi
320 3346 438 3389 causam
460 3330 543 3389 mimi
565 3345 653 3406 quam
676 3342 764 3404 saepe
787 3319 952 3385 dederunt!

151 3418 255 3479 Martia
277 3433 332 3478 cur
354 3417 462 3479 durum
485 3417 592 3477 sternit
619 3413 728 3472 harena
751 3409 864 3472 solum!
922 3427 924 3430 ·

151 3505 285 3567 Tollatur
307 3503 426 3566 circus!
454 3520 514 3563 non
536 3510 600 3564 tuta
621 3501 739 3561 licentia
763 3501 836 3561 circi
858 3506 922 3561 est:
