2386 3892
464 175 683 249 moer-rer,
1004 170 1073 237 779

90 353 142 401 770
201 338 239 399 Et
262 337 385 398 domitas
408 344 533 419 gentes,
555 337 663 399 turiler
685 335 757 398 lnde
769 384 779 417 ,
801 343 884 399 tuas.

156 426 202 488 'lu
226 443 365 507 quoque,
388 425 544 486 Thebanae
567 425 642 487 mala
664 424 796 506 praeda,
818 422 974 505 tacebere,

466 532 470 536 ·
702 515 821 593 matris3

201 601 292 681 Inque
315 610 400 662 tuum
424 601 510 662 furiis
533 607 619 681 acte,
643 592 799 681 Lycurge,
821 618 917 679 genu.

156 690 233 750 Ecce
256 689 327 751 libet
351 689 465 750 subitos
487 691 585 769 pisces
608 688 819 768 Tyrrhenaque
842 695 973 750 monstra

201 778 327 841 Dicere:
359 777 412 837 sed
435 795 494 837 non
519 784 564 838 est
586 778 725 837 carminis
747 776 836 837 buius
859 793 952 855 opus.

90 879 140 928 777
157 866 301 926 Carminis
324 865 413 925 huius
437 883 511 944 opus
534 881 638 926 causas
660 881 857 943 expromere,
880 881 971 943 quare

201 953 272 1014 Vilis
295 970 369 1014 anus
391 952 516 1032 populos
540 952 576 1012 ad
600 970 653 1024 707
676 952 734 1013 liba
756 959 860 1012 vocet.

157 1043 231 1102 Ante
255 1050 322 1102 tuos
346 1049 429 1101 ortus
453 1058 520 1102 arae
543 1042 607 1102 sine
630 1040 743 1101 honore
766 1040 905 1122 luerunt,

200 1129 309 1209 Liber,
333 1131 416 1191 etin
439 1128 543 1207 gelidis
566 1127 657 1190 herba
680 1135 799 1207 reperta
821 1127 912 1189 locis.

157 1217 198 1278 Te
223 1223 387 1277 memorant
409 1214 509 1296 Gange
531 1224 654 1295 totoque
676 1219 791 1277 oriente
814 1214 938 1277 subacto

91 1318 142 1366 730
201 1305 349 1365 Primitiae
371 1321 478 1383 magno
501 1306 670 1384 seposuisse
691 1303 773 1365 lovi.

158 1392 296 1453 Cinnama
320 1400 353 1453 tu
376 1394 490 1470 primus
513 1394 686 1472 captivaque
708 1398 774 1453 tura
798 1389 906 1452 dedisti

201 1482 302 1559 Deque
326 1480 507 1558 triumphato
530 1482 644 1541 viscera
666 1487 743 1540 tosta
765 1477 856 1539 bove.

157 1569 279 1629 Nomine
304 1567 340 1628 ab
363 1569 494 1629 auctoris
516 1567 630 1629 ducunt
651 1565 790 1628 libamina
812 1583 920 1628 nomeu

200 1656 353 1736 Libaque,
376 1655 456 1734 quod
479 1657 571 1717 777717
594 1673 662 1734 pars
685 1655 772 1716 datur
795 1654 864 1715 inde
887 1655 977 1716 locis.

91 1756 142 1807 737
159 1744 229 1805 Liba
252 1745 307 1805 deo
331 1745 406 1805 fiunt
418 1791 427 1824 ,
451 1746 532 1804 70717
555 1745 623 1823 qnia
646 1741 783 1805 dulcibus
805 1742 883 1803 idem

202 1831 336 1914 Gaudet,
359 1839 391 1892 et
411 1850 428 1892 7
450 1830 565 1893 Baccho
588 1829 675 1895 mella
696 1839 816 1910 reperta
838 1830 956 1892 lerunt.

158 1918 221 1979 lbat
243 1919 388 1980 harenoso
412 1921 528 1999 satyris.
542 1922 699 1981 comitatus
721 1918 758 1980 ab
781 1916 898 1999 Hebro,
920 1951 957 1962 -

200 2007 265 2068 Non
288 2006 377 2068 babet
399 2010 535 2086 ingratos
553 2006 652 2068 fabula
673 2014 774 2068 nostra
797 2008 879 2067 iocos
901 2038 937 2051 -

158 2095 276 2175 lamque
301 2103 364 2157 erat
386 2096 422 2156 ad
446 2094 608 2174 Rhodopen
630 2095 824 2175 Pangaeaque
846 2093 950 2156 florida

702 2182 863 2260 rentum,'

90 2285 142 2335 740
201 2271 351 2332 deriserae
375 2271 517 2332 comitum
540 2287 742 2351 concrepuere
764 2288 886 2332 707007.

157 2359 235 2420 Ecce
257 2377 348 2420 novae
373 2365 482 2420 coeunt
504 2356 640 2420 70107777
662 2358 819 2421 tinnitibus
842 2365 941 2439 actae,

202 2447 342 2526 Quosque
365 2454 485 2508 movent
507 2448 623 2508 sonitus
646 2465 713 2509 7777
725 2493 734 2528 ,
758 2454 926 2526 sequuntur
948 2463 1036 2525 apes.

157 2534 274 2612 Colligit
297 2543 432 2596 errantes
454 2541 485 2595 et
506 2535 538 2596 in
560 2535 667 2596 arbore
689 2534 800 2597 claudit
822 2536 903 2597 inani
1094 2525 1098 2534 “

202 2621 312 2703 Liber,
336 2629 367 2684 et
385 2624 501 2697 inventi
522 2625 654 2702 praemia
676 2621 772 2685 mellis
794 2621 900 2685 babet.

89 2710 196 2774 747111
219 2713 309 2790 satyri
332 2710 464 2790 levisque
486 2729 578 2774 senex
601 2713 726 2790 tetigere
749 2728 902 2790 saporem,

202 2797 390 2868 Quaerebant
411 2799 501 2860 117707
523 2816 579 2878 per
600 2816 707 2861 nemus
730 2816 817 2861 omne
840 2798 940 2859 leros.

78 2900 81 2907 ·
158 2887 247 2947 ludit
269 2889 300 2947 in
322 2904 411 2948 exesa
434 2886 593 2947 stridorem
615 2888 758 2949 examinis
781 2887 880 2969 ulmc,

200 2975 314 3054 Aspicit
338 2983 368 3036 et
390 2992 474 3036 ceras
497 2974 723 3055 dissimulatque
745 2993 855 3055 senex3

158 3061 253 3140 thue
276 3065 360 3142 piger
382 3062 472 3142 pandi
494 3070 579 3144 tergo
601 3063 751 3126 residebat
773 3060 872 3139 asollt,

89 3163 142 3213 ‘150
201 3151 334 3230 Applicat
356 3150 436 3213 hunc
459 3150 539 3213 ulmo
562 3150 783 3230 corticibusque
805 3149 902 3210 77717.

157 3238 297 3300 Constitit
319 3241 383 3319 ipse
405 3256 497 3318 super
520 3256 636 3301 ramoso
659 3240 761 3318 stipite
783 3239 890 3316 nixus,

202 3328 297 3406 Atque
320 3327 404 3388 avide
426 3334 535 3389 trunco
558 3327 675 3388 condita
697 3324 783 3386 mella
805 3325 898 3404 petit.

156 3414 234 3475 llilia
258 3413 437 3475 crabronum
459 3423 590 3494 coeunt,
612 3421 645 3474 et
666 3414 777 3477 vertice
799 3411 880 3474 uudo
921 3427 925 3435 ’

202 3500 321 3581 Spicula
344 3500 498 3582 deligunt,
521 3518 632 3580 oraque
654 3501 729 3562 sima
750 3508 871 3563 001701.
