<?xml version="1.0" encoding="UTF-8"?>
<!DOCTYPE html PUBLIC "-//W3C//DTD XHTML 1.0 Transitional//EN"
    "http://www.w3.org/TR/xhtml1/DTD/xhtml1-transitional.dtd">
<html xmlns="http://www.w3.org/1999/xhtml" xml:lang="en" lang="en">
 <head>
  <title>
</title>
<meta http-equiv="Content-Type" content="text/html;charset=utf-8" />
  <meta name='ocr-system' content='tesseract 3.04.00' />
  <meta name='ocr-capabilities' content='ocr_page ocr_carea ocr_par ocr_line ocrx_word'/>
</head>
<body>
  <div class='ocr_page' id='page_1' title='image "./ovidiusexiterat00ovidgoog_0074.png"; bbox 0 0 2386 3892; ppageno 0'>
   <div class='ocr_carea' id='block_1_1' title="bbox 328 183 1037 271">
    <p class='ocr_par' dir='ltr' id='par_1_1' title="bbox 328 183 1037 271">
     <span class='ocr_line' id='line_1_1' title="bbox 328 183 1037 271; baseline 0 -37"><span class='ocrx_word' id='word_1_1' title='bbox 328 264 334 271; x_wconf 25' lang='grc'>1</span> <span class='ocrx_word' id='word_1_2' title='bbox 408 185 430 234; x_wconf 88' lang='lat'><strong>1.</strong></span> <span class='ocrx_word' id='word_1_3' title='bbox 448 183 600 236; x_wconf 75' lang='lat' dir='ltr'><strong>naa-m</strong></span> <span class='ocrx_word' id='word_1_4' title='bbox 615 186 658 236; x_wconf 79' lang='lat' dir='ltr'><strong>cs.</strong></span> <span class='ocrx_word' id='word_1_5' title='bbox 993 184 1037 250; x_wconf 83' lang='lat'><strong>23</strong></span> 
     </span>
    </p>
   </div>
   <div class='ocr_carea' id='block_1_2' title="bbox 72 345 1042 3581">
    <p class='ocr_par' dir='ltr' id='par_1_2' title="bbox 115 345 755 429">
     <span class='ocr_line' id='line_1_2' title="bbox 115 345 755 429; baseline -0.008 -18"><span class='ocrx_word' id='word_1_6' title='bbox 115 349 218 429; x_wconf 84' lang='lat' dir='ltr'><strong>Fecit,</strong></span> <span class='ocrx_word' id='word_1_7' title='bbox 243 363 322 426; x_wconf 93' lang='lat' dir='ltr'><strong>quos</strong></span> <span class='ocrx_word' id='word_1_8' title='bbox 345 352 425 406; x_wconf 87' lang='lat' dir='ltr'><strong>aetas</strong></span> <span class='ocrx_word' id='word_1_9' title='bbox 447 346 552 424; x_wconf 80' lang='lat' dir='ltr'><strong>aspicit</strong></span> <span class='ocrx_word' id='word_1_10' title='bbox 573 362 632 406; x_wconf 92' lang='lat' dir='ltr'><strong>una</strong></span> <span class='ocrx_word' id='word_1_11' title='bbox 655 345 755 406; x_wconf 85' lang='lat' dir='ltr'><strong>semel.</strong></span> 
     </span>
    </p>

    <p class='ocr_par' dir='ltr' id='par_1_3' title="bbox 115 432 992 516">
     <span class='ocr_line' id='line_1_3' title="bbox 115 432 992 516; baseline -0.005 -18"><span class='ocrx_word' id='word_1_12' title='bbox 115 437 166 512; x_wconf 85' lang='lat' dir='ltr'><strong>His</strong></span> <span class='ocrx_word' id='word_1_13' title='bbox 188 452 301 516; x_wconf 82' lang='lat' dir='ltr'>precor</span> <span class='ocrx_word' id='word_1_14' title='bbox 325 432 467 511; x_wconf 84' lang='lat' dir='ltr'><strong>exemplis</strong></span> <span class='ocrx_word' id='word_1_15' title='bbox 489 440 540 493; x_wconf 91' lang='lat' dir='ltr'><strong>tua</strong></span> <span class='ocrx_word' id='word_1_16' title='bbox 563 450 664 513; x_wconf 89' lang='lat' dir='ltr'><strong>nuuc,</strong></span> <span class='ocrx_word' id='word_1_17' title='bbox 687 435 841 494; x_wconf 74' lang='lat' dir='ltr'><strong>mitissime</strong></span> <span class='ocrx_word' id='word_1_18' title='bbox 867 433 992 515; x_wconf 85' lang='lat' dir='ltr'><strong>Caesar,</strong></span> 
     </span>
    </p>

    <p class='ocr_par' dir='ltr' id='par_1_4' title="bbox 116 520 686 600">
     <span class='ocr_line' id='line_1_4' title="bbox 116 520 686 600; baseline -0.009 -15"><span class='ocrx_word' id='word_1_19' title='bbox 116 525 178 585; x_wconf 86' lang='lat' dir='ltr'><strong>Fiat</strong></span> <span class='ocrx_word' id='word_1_20' title='bbox 201 523 239 584; x_wconf 92' lang='lat' dir='ltr'><strong>ab</strong></span> <span class='ocrx_word' id='word_1_21' title='bbox 263 523 384 600; x_wconf 78' lang='lat' dir='ltr'><strong>ingenio</strong></span> <span class='ocrx_word' id='word_1_22' title='bbox 407 520 522 581; x_wconf 87' lang='lat' dir='ltr'><strong>mollior</strong></span> <span class='ocrx_word' id='word_1_23' title='bbox 544 523 588 581; x_wconf 93' lang='lat' dir='ltr'><strong>ira</strong></span> <span class='ocrx_word' id='word_1_24' title='bbox 611 539 686 582; x_wconf 90' lang='lat' dir='ltr'><strong>meo.</strong></span> 
     </span>
    </p>

    <p class='ocr_par' dir='ltr' id='par_1_5' title="bbox 72 608 1036 776">
     <span class='ocr_line' id='line_1_5' title="bbox 116 608 1036 691; baseline 0 -20"><span class='ocrx_word' id='word_1_25' title='bbox 116 610 167 672; x_wconf 89' lang='lat' dir='ltr'><strong>llia</strong></span> <span class='ocrx_word' id='word_1_26' title='bbox 191 610 313 690; x_wconf 92' lang='lat' dir='ltr'><strong>quidem</strong></span> <span class='ocrx_word' id='word_1_27' title='bbox 336 611 413 670; x_wconf 89' lang='lat' dir='ltr'><strong>iusta</strong></span> <span class='ocrx_word' id='word_1_28' title='bbox 436 616 503 689; x_wconf 89' lang='lat' dir='ltr'><strong>est,</strong></span> <span class='ocrx_word' id='word_1_29' title='bbox 526 626 582 669; x_wconf 91' lang='lat' dir='ltr'><strong>uec</strong></span> <span class='ocrx_word' id='word_1_30' title='bbox 605 626 652 669; x_wconf 90' lang='lat' dir='ltr'><strong>me</strong></span> <span class='ocrx_word' id='word_1_31' title='bbox 675 611 820 670; x_wconf 87' lang='lat' dir='ltr'><strong>meruisse</strong></span> <span class='ocrx_word' id='word_1_32' title='bbox 844 608 974 691; x_wconf 77' lang='lat' dir='ltr'><strong>negab03</strong></span> <span class='ocrx_word' id='word_1_33' title='bbox 994 644 1036 655; x_wconf 95' lang='lat'><em>-</em></span> 
     </span>
     <span class='ocr_line' id='line_1_6' title="bbox 72 695 820 776; baseline -0.008 -15"><span class='ocrx_word' id='word_1_34' title='bbox 72 713 104 761; x_wconf 84' lang='lat'><strong>30</strong></span> <span class='ocrx_word' id='word_1_35' title='bbox 119 699 185 760; x_wconf 90' lang='lat' dir='ltr'><strong>Nou</strong></span> <span class='ocrx_word' id='word_1_36' title='bbox 208 698 284 758; x_wconf 84' lang='lat' dir='ltr'><strong>adeo</strong></span> <span class='ocrx_word' id='word_1_37' title='bbox 307 704 410 757; x_wconf 88' lang='lat' dir='ltr'><strong>nostro</strong></span> <span class='ocrx_word' id='word_1_38' title='bbox 433 696 507 774; x_wconf 76' lang='lat' dir='ltr'><strong>fugit</strong></span> <span class='ocrx_word' id='word_1_39' title='bbox 530 695 566 756; x_wconf 92' lang='lat' dir='ltr'><strong>ab</strong></span> <span class='ocrx_word' id='word_1_40' title='bbox 589 714 641 758; x_wconf 91' lang='lat' dir='ltr'><strong>ore</strong></span> <span class='ocrx_word' id='word_1_41' title='bbox 665 696 761 776; x_wconf 92' lang='lat' dir='ltr'><strong>pudor</strong></span> <span class='ocrx_word' id='word_1_42' title='bbox 783 727 820 739; x_wconf 91' lang='lat'><em>—</em></span> 
     </span>
    </p>

    <p class='ocr_par' dir='ltr' id='par_1_6' title="bbox 120 782 967 864">
     <span class='ocr_line' id='line_1_7' title="bbox 120 782 967 864; baseline -0.002 -17"><span class='ocrx_word' id='word_1_43' title='bbox 120 786 179 847; x_wconf 87' lang='lat' dir='ltr'><strong>Sed</strong></span> <span class='ocrx_word' id='word_1_44' title='bbox 203 787 262 846; x_wconf 91' lang='lat' dir='ltr'><strong>uisi</strong></span> <span class='ocrx_word' id='word_1_45' title='bbox 284 801 477 864; x_wconf 79' lang='lat' dir='ltr'><strong>peccassem,</strong></span> <span class='ocrx_word' id='word_1_46' title='bbox 500 784 570 862; x_wconf 91' lang='lat' dir='ltr'><strong>quid</strong></span> <span class='ocrx_word' id='word_1_47' title='bbox 593 793 627 845; x_wconf 90' lang='lat' dir='ltr'><strong>tu</strong></span> <span class='ocrx_word' id='word_1_48' title='bbox 650 784 813 844; x_wconf 84' lang='lat' dir='ltr'><strong>concedere</strong></span> <span class='ocrx_word' id='word_1_49' title='bbox 836 782 967 863; x_wconf 82' lang='lat' dir='ltr'><strong>posses?</strong></span> 
     </span>
    </p>

    <p class='ocr_par' dir='ltr' id='par_1_7' title="bbox 117 871 806 934">
     <span class='ocr_line' id='line_1_8' title="bbox 117 871 806 934; baseline -0.004 1"><span class='ocrx_word' id='word_1_50' title='bbox 117 874 271 934; x_wconf 82' lang='lat' dir='ltr'><strong>Materiam</strong></span> <span class='ocrx_word' id='word_1_51' title='bbox 294 874 395 932; x_wconf 84' lang='lat' dir='ltr'><strong>veniae</strong></span> <span class='ocrx_word' id='word_1_52' title='bbox 419 888 485 931; x_wconf 88' lang='lat' dir='ltr'><strong>sors</strong></span> <span class='ocrx_word' id='word_1_53' title='bbox 507 871 562 932; x_wconf 90' lang='lat' dir='ltr'><strong>tibi</strong></span> <span class='ocrx_word' id='word_1_54' title='bbox 584 879 685 932; x_wconf 91' lang='lat' dir='ltr'><strong>nostra</strong></span> <span class='ocrx_word' id='word_1_55' title='bbox 708 871 806 932; x_wconf 83' lang='lat' dir='ltr'><strong>dedit.</strong></span> 
     </span>
    </p>

    <p class='ocr_par' dir='ltr' id='par_1_8' title="bbox 120 958 1002 1043">
     <span class='ocr_line' id='line_1_9' title="bbox 120 958 1002 1043; baseline 0 -21"><span class='ocrx_word' id='word_1_56' title='bbox 120 962 176 1043; x_wconf 90' lang='lat' dir='ltr'><strong>Si,</strong></span> <span class='ocrx_word' id='word_1_57' title='bbox 200 962 338 1039; x_wconf 88' lang='lat' dir='ltr'><strong>quotiens</strong></span> <span class='ocrx_word' id='word_1_58' title='bbox 360 968 485 1038; x_wconf 89' lang='lat' dir='ltr'><strong>peccant</strong></span> <span class='ocrx_word' id='word_1_59' title='bbox 506 958 661 1039; x_wconf 91' lang='lat' dir='ltr'><strong>homines,</strong></span> <span class='ocrx_word' id='word_1_60' title='bbox 685 977 738 1020; x_wconf 91' lang='lat' dir='ltr'><strong>sua</strong></span> <span class='ocrx_word' id='word_1_61' title='bbox 761 959 883 1020; x_wconf 83' lang='lat' dir='ltr'><strong>fulmina</strong></span> <span class='ocrx_word' id='word_1_62' title='bbox 906 962 1002 1022; x_wconf 88' lang='lat' dir='ltr'><strong>mittat</strong></span> 
     </span>
    </p>

    <p class='ocr_par' dir='ltr' id='par_1_9' title="bbox 72 1049 979 1218">
     <span class='ocr_line' id='line_1_10' title="bbox 119 1049 803 1128; baseline -0.003 -19"><span class='ocrx_word' id='word_1_63' title='bbox 119 1049 253 1128; x_wconf 91' lang='lat' dir='ltr'><strong>luppiter</strong></span> <span class='ocrx_word' id='word_1_64' title='bbox 265 1093 275 1127; x_wconf 93' lang='lat'><strong>,</strong></span> <span class='ocrx_word' id='word_1_65' title='bbox 298 1049 404 1124; x_wconf 83' lang='lat' dir='ltr'><strong>exiguo</strong></span> <span class='ocrx_word' id='word_1_66' title='bbox 428 1054 561 1125; x_wconf 89' lang='lat' dir='ltr'><strong>tempore</strong></span> <span class='ocrx_word' id='word_1_67' title='bbox 583 1049 705 1107; x_wconf 87' lang='lat' dir='ltr'><strong>inermis</strong></span> <span class='ocrx_word' id='word_1_68' title='bbox 728 1049 803 1127; x_wconf 89' lang='lat' dir='ltr'><strong>erit;</strong></span> 
     </span>
     <span class='ocr_line' id='line_1_11' title="bbox 72 1134 979 1218; baseline -0.002 -20"><span class='ocrx_word' id='word_1_69' title='bbox 72 1151 104 1198; x_wconf 82' lang='lat' dir='ltr'><strong>es</strong></span> <span class='ocrx_word' id='word_1_70' title='bbox 121 1137 228 1216; x_wconf 85' lang='lat' dir='ltr'><strong>Nunc,</strong></span> <span class='ocrx_word' id='word_1_71' title='bbox 251 1135 304 1196; x_wconf 89' lang='lat' dir='ltr'><strong>ubi</strong></span> <span class='ocrx_word' id='word_1_72' title='bbox 327 1135 462 1195; x_wconf 90' lang='lat' dir='ltr'><strong>detonuit</strong></span> <span class='ocrx_word' id='word_1_73' title='bbox 484 1136 670 1213; x_wconf 81' lang='lat' dir='ltr'><strong>strepituque</strong></span> <span class='ocrx_word' id='word_1_74' title='bbox 693 1137 837 1196; x_wconf 85' lang='lat' dir='ltr'><strong>exterruit</strong></span> <span class='ocrx_word' id='word_1_75' title='bbox 859 1134 979 1218; x_wconf 88' lang='lat' dir='ltr'><strong>orbem,</strong></span> 
     </span>
    </p>

    <p class='ocr_par' dir='ltr' id='par_1_10' title="bbox 122 1223 733 1301">
     <span class='ocr_line' id='line_1_12' title="bbox 122 1223 733 1301; baseline -0.003 -17"><span class='ocrx_word' id='word_1_76' title='bbox 122 1225 234 1284; x_wconf 89' lang='lat' dir='ltr'><strong>Porum</strong></span> <span class='ocrx_word' id='word_1_77' title='bbox 257 1223 400 1283; x_wconf 91' lang='lat' dir='ltr'><strong>discussis</strong></span> <span class='ocrx_word' id='word_1_78' title='bbox 424 1227 491 1282; x_wconf 75' lang='lat' dir='ltr'><strong>aera</strong></span> <span class='ocrx_word' id='word_1_79' title='bbox 513 1223 610 1283; x_wconf 89' lang='lat' dir='ltr'><strong>reddit</strong></span> <span class='ocrx_word' id='word_1_80' title='bbox 632 1224 733 1301; x_wconf 90' lang='lat' dir='ltr'><strong>aquis.</strong></span> 
     </span>
    </p>

    <p class='ocr_par' dir='ltr' id='par_1_11' title="bbox 121 1309 956 1391">
     <span class='ocr_line' id='line_1_13' title="bbox 121 1309 956 1391; baseline -0.001 -19"><span class='ocrx_word' id='word_1_81' title='bbox 121 1312 190 1372; x_wconf 91' lang='lat' dir='ltr'><strong>lure</strong></span> <span class='ocrx_word' id='word_1_82' title='bbox 212 1313 304 1390; x_wconf 84' lang='lat' dir='ltr'><strong>igitur</strong></span> <span class='ocrx_word' id='word_1_83' title='bbox 327 1312 501 1389; x_wconf 81' lang='lat' dir='ltr'><strong>genitorque</strong></span> <span class='ocrx_word' id='word_1_84' title='bbox 524 1309 613 1370; x_wconf 90' lang='lat' dir='ltr'><strong>deum</strong></span> <span class='ocrx_word' id='word_1_85' title='bbox 635 1317 794 1389; x_wconf 87' lang='lat' dir='ltr'><strong>rectorque</strong></span> <span class='ocrx_word' id='word_1_86' title='bbox 816 1318 956 1391; x_wconf 89' lang='lat' dir='ltr'><strong>vocatur,</strong></span> 
     </span>
    </p>

    <p class='ocr_par' dir='ltr' id='par_1_12' title="bbox 123 1395 858 1478">
     <span class='ocr_line' id='line_1_14' title="bbox 123 1395 858 1478; baseline -0.005 -18"><span class='ocrx_word' id='word_1_87' title='bbox 123 1399 191 1460; x_wconf 90' lang='lat' dir='ltr'><strong>lure</strong></span> <span class='ocrx_word' id='word_1_88' title='bbox 214 1416 306 1478; x_wconf 83' lang='lat' dir='ltr'><strong>capax</strong></span> <span class='ocrx_word' id='word_1_89' title='bbox 329 1398 457 1458; x_wconf 89' lang='lat' dir='ltr'><strong>mundus</strong></span> <span class='ocrx_word' id='word_1_90' title='bbox 480 1396 521 1458; x_wconf 91' lang='lat' dir='ltr'><strong>nil</strong></span> <span class='ocrx_word' id='word_1_91' title='bbox 543 1395 611 1457; x_wconf 83' lang='lat' dir='ltr'><strong>love</strong></span> <span class='ocrx_word' id='word_1_92' title='bbox 635 1398 736 1457; x_wconf 85' lang='lat' dir='ltr'><strong>maius</strong></span> <span class='ocrx_word' id='word_1_93' title='bbox 753 1395 858 1457; x_wconf 90' lang='lat' dir='ltr'><strong>habet.</strong></span> 
     </span>
    </p>

    <p class='ocr_par' dir='ltr' id='par_1_13' title="bbox 72 1484 980 1636">
     <span class='ocr_line' id='line_1_15' title="bbox 122 1484 980 1567; baseline -0.003 -20"><span class='ocrx_word' id='word_1_94' title='bbox 122 1488 167 1547; x_wconf 89' lang='lat' dir='ltr'><strong>Tu</strong></span> <span class='ocrx_word' id='word_1_95' title='bbox 190 1504 327 1567; x_wconf 90' lang='lat' dir='ltr'><strong>quoque,</strong></span> <span class='ocrx_word' id='word_1_96' title='bbox 351 1504 418 1546; x_wconf 91' lang='lat' dir='ltr'><strong>cum</strong></span> <span class='ocrx_word' id='word_1_97' title='bbox 441 1488 552 1565; x_wconf 88' lang='lat' dir='ltr'><strong>patriae</strong></span> <span class='ocrx_word' id='word_1_98' title='bbox 575 1493 676 1555; x_wconf 85' lang='lat' dir='ltr'><strong>rector</strong></span> <span class='ocrx_word' id='word_1_99' title='bbox 698 1484 796 1544; x_wconf 90' lang='lat' dir='ltr'><strong>dicare</strong></span> <span class='ocrx_word' id='word_1_100' title='bbox 819 1491 980 1564; x_wconf 90' lang='lat' dir='ltr'><strong>paterque,</strong></span> 
     </span>
     <span class='ocr_line' id='line_1_16' title="bbox 72 1571 789 1636; baseline -0.003 0"><span class='ocrx_word' id='word_1_101' title='bbox 72 1588 108 1636; x_wconf 82' lang='lat'><strong>40</strong></span> <span class='ocrx_word' id='word_1_102' title='bbox 123 1575 213 1635; x_wconf 91' lang='lat' dir='ltr'><strong>Utere</strong></span> <span class='ocrx_word' id='word_1_103' title='bbox 236 1592 320 1633; x_wconf 88' lang='lat' dir='ltr'><strong>more</strong></span> <span class='ocrx_word' id='word_1_104' title='bbox 343 1573 391 1634; x_wconf 92' lang='lat' dir='ltr'><strong>dei</strong></span> <span class='ocrx_word' id='word_1_105' title='bbox 414 1591 521 1634; x_wconf 89' lang='lat' dir='ltr'><strong>nornen</strong></span> <span class='ocrx_word' id='word_1_106' title='bbox 545 1571 680 1633; x_wconf 88' lang='lat' dir='ltr'><strong>habentis</strong></span> <span class='ocrx_word' id='word_1_107' title='bbox 702 1572 789 1634; x_wconf 89' lang='lat' dir='ltr'><strong>idem.</strong></span> 
     </span>
    </p>

    <p class='ocr_par' dir='ltr' id='par_1_14' title="bbox 123 1660 1008 1740">
     <span class='ocr_line' id='line_1_17' title="bbox 123 1660 1008 1740; baseline -0.002 -18"><span class='ocrx_word' id='word_1_108' title='bbox 123 1662 215 1740; x_wconf 91' lang='lat' dir='ltr'><strong>ldquo</strong></span> <span class='ocrx_word' id='word_1_109' title='bbox 238 1662 332 1740; x_wconf 83' lang='lat' dir='ltr'><strong>iacis,</strong></span> <span class='ocrx_word' id='word_1_110' title='bbox 355 1679 411 1722; x_wconf 80' lang='lat' dir='ltr'><strong>ricc</strong></span> <span class='ocrx_word' id='word_1_111' title='bbox 433 1670 463 1721; x_wconf 89' lang='lat' dir='ltr'><strong>te</strong></span> <span class='ocrx_word' id='word_1_112' title='bbox 486 1662 641 1740; x_wconf 88' lang='lat' dir='ltr'><strong>quisquam</strong></span> <span class='ocrx_word' id='word_1_113' title='bbox 665 1660 845 1721; x_wconf 85' lang='lat' dir='ltr'><strong>moderatius</strong></span> <span class='ocrx_word' id='word_1_114' title='bbox 869 1677 1008 1738; x_wconf 91' lang='lat' dir='ltr'><strong>umquam</strong></span> 
     </span>
    </p>

    <p class='ocr_par' dir='ltr' id='par_1_15' title="bbox 122 1749 672 1830">
     <span class='ocr_line' id='line_1_18' title="bbox 122 1749 672 1830; baseline -0.005 -19"><span class='ocrx_word' id='word_1_115' title='bbox 122 1751 242 1830; x_wconf 84' lang='lat' dir='ltr'><strong>Imperii</strong></span> <span class='ocrx_word' id='word_1_116' title='bbox 266 1751 362 1827; x_wconf 91' lang='lat' dir='ltr'><strong>potuit</strong></span> <span class='ocrx_word' id='word_1_117' title='bbox 385 1749 469 1809; x_wconf 88' lang='lat' dir='ltr'><strong>irena</strong></span> <span class='ocrx_word' id='word_1_118' title='bbox 492 1757 593 1809; x_wconf 89' lang='lat' dir='ltr'><strong>tenere</strong></span> <span class='ocrx_word' id='word_1_119' title='bbox 617 1750 672 1809; x_wconf 74' lang='lat' dir='ltr'><strong>sui,</strong></span> 
     </span>
    </p>

    <p class='ocr_par' dir='ltr' id='par_1_16' title="bbox 123 1835 845 1915">
     <span class='ocr_line' id='line_1_19' title="bbox 123 1835 845 1915; baseline -0.003 -17"><span class='ocrx_word' id='word_1_120' title='bbox 123 1839 169 1898; x_wconf 88' lang='lat' dir='ltr'><strong>Tu</strong></span> <span class='ocrx_word' id='word_1_121' title='bbox 192 1839 306 1896; x_wconf 84' lang='lat' dir='ltr'><strong>veniam</strong></span> <span class='ocrx_word' id='word_1_122' title='bbox 329 1838 407 1915; x_wconf 90' lang='lat' dir='ltr'><strong>parti</strong></span> <span class='ocrx_word' id='word_1_123' title='bbox 430 1843 585 1914; x_wconf 88' lang='lat' dir='ltr'><strong>superatae</strong></span> <span class='ocrx_word' id='word_1_124' title='bbox 609 1853 695 1914; x_wconf 89' lang='lat' dir='ltr'><strong>saepe</strong></span> <span class='ocrx_word' id='word_1_125' title='bbox 720 1835 845 1915; x_wconf 89' lang='lat' dir='ltr'><strong>dedisti,</strong></span> 
     </span>
    </p>

    <p class='ocr_par' dir='ltr' id='par_1_17' title="bbox 72 1923 846 2075">
     <span class='ocr_line' id='line_1_20' title="bbox 122 1923 807 2002; baseline -0.003 -16"><span class='ocrx_word' id='word_1_126' title='bbox 122 1926 187 1986; x_wconf 90' lang='lat' dir='ltr'><strong>Non</strong></span> <span class='ocrx_word' id='word_1_127' title='bbox 211 1942 409 1985; x_wconf 89' lang='lat' dir='ltr'><strong>concessurus</strong></span> <span class='ocrx_word' id='word_1_128' title='bbox 432 1941 520 2002; x_wconf 92' lang='lat' dir='ltr'><strong>quam</strong></span> <span class='ocrx_word' id='word_1_129' title='bbox 543 1923 597 1984; x_wconf 92' lang='lat' dir='ltr'><strong>tibi</strong></span> <span class='ocrx_word' id='word_1_130' title='bbox 618 1925 712 1984; x_wconf 79' lang='lat' dir='ltr'><strong>victor</strong></span> <span class='ocrx_word' id='word_1_131' title='bbox 736 1931 807 1984; x_wconf 89' lang='lat' dir='ltr'><strong>erat.</strong></span> 
     </span>
     <span class='ocr_line' id='line_1_21' title="bbox 72 2010 846 2075; baseline -0.004 0"><span class='ocrx_word' id='word_1_132' title='bbox 72 2028 108 2075; x_wconf 85' lang='grc'><strong>45</strong></span> <span class='ocrx_word' id='word_1_133' title='bbox 123 2013 238 2074; x_wconf 86' lang='lat' dir='ltr'><strong>Divitiis</strong></span> <span class='ocrx_word' id='word_1_134' title='bbox 262 2015 349 2072; x_wconf 89' lang='lat' dir='ltr'><strong>etiam</strong></span> <span class='ocrx_word' id='word_1_135' title='bbox 372 2010 481 2072; x_wconf 87' lang='lat' dir='ltr'><strong>multos</strong></span> <span class='ocrx_word' id='word_1_136' title='bbox 504 2018 534 2072; x_wconf 89' lang='lat' dir='ltr'><strong>et</strong></span> <span class='ocrx_word' id='word_1_137' title='bbox 556 2010 718 2071; x_wconf 89' lang='lat' dir='ltr'><strong>honoribus</strong></span> <span class='ocrx_word' id='word_1_138' title='bbox 742 2018 846 2072; x_wconf 92' lang='lat' dir='ltr'><strong>auctos</strong></span> 
     </span>
    </p>

    <p class='ocr_par' dir='ltr' id='par_1_18' title="bbox 123 2099 830 2181">
     <span class='ocr_line' id='line_1_22' title="bbox 123 2099 830 2181; baseline 0 -21"><span class='ocrx_word' id='word_1_139' title='bbox 123 2101 210 2181; x_wconf 92' lang='lat' dir='ltr'><strong>Vidi,</strong></span> <span class='ocrx_word' id='word_1_140' title='bbox 234 2102 286 2178; x_wconf 94' lang='lat' dir='ltr'><strong>qui</strong></span> <span class='ocrx_word' id='word_1_141' title='bbox 310 2099 439 2160; x_wconf 89' lang='lat' dir='ltr'><strong>tulerant</strong></span> <span class='ocrx_word' id='word_1_142' title='bbox 461 2101 491 2159; x_wconf 92' lang='lat' dir='ltr'><strong>in</strong></span> <span class='ocrx_word' id='word_1_143' title='bbox 515 2106 603 2178; x_wconf 92' lang='lat' dir='ltr'><strong>caput</strong></span> <span class='ocrx_word' id='word_1_144' title='bbox 625 2117 704 2160; x_wconf 91' lang='lat' dir='ltr'><strong>arma</strong></span> <span class='ocrx_word' id='word_1_145' title='bbox 728 2108 830 2160; x_wconf 90' lang='lat' dir='ltr'><strong>tuum.</strong></span> 
     </span>
    </p>

    <p class='ocr_par' dir='ltr' id='par_1_19' title="bbox 124 2185 938 2268">
     <span class='ocr_line' id='line_1_23' title="bbox 124 2185 938 2268; baseline -0.001 -20"><span class='ocrx_word' id='word_1_146' title='bbox 124 2189 265 2265; x_wconf 84' lang='lat' dir='ltr'><strong>Quaeque</strong></span> <span class='ocrx_word' id='word_1_147' title='bbox 290 2187 353 2248; x_wconf 88' lang='lat' dir='ltr'><strong>dies</strong></span> <span class='ocrx_word' id='word_1_148' title='bbox 376 2186 508 2266; x_wconf 87' lang='lat' dir='ltr'><strong>beilum,</strong></span> <span class='ocrx_word' id='word_1_149' title='bbox 535 2185 604 2247; x_wconf 87' lang='lat' dir='ltr'><strong>belli</strong></span> <span class='ocrx_word' id='word_1_150' title='bbox 627 2186 681 2248; x_wconf 90' lang='lat' dir='ltr'><strong>tibi</strong></span> <span class='ocrx_word' id='word_1_151' title='bbox 703 2185 823 2248; x_wconf 89' lang='lat' dir='ltr'><strong>sustulit</strong></span> <span class='ocrx_word' id='word_1_152' title='bbox 845 2188 938 2268; x_wconf 89' lang='lat' dir='ltr'><strong>iram,</strong></span> 
     </span>
    </p>

    <p class='ocr_par' dir='ltr' id='par_1_20' title="bbox 123 2273 864 2354">
     <span class='ocr_line' id='line_1_24' title="bbox 123 2273 864 2354; baseline -0.003 -18"><span class='ocrx_word' id='word_1_153' title='bbox 123 2277 257 2354; x_wconf 88' lang='lat' dir='ltr'><strong>Parsque</strong></span> <span class='ocrx_word' id='word_1_154' title='bbox 281 2275 367 2336; x_wconf 71' lang='lat' dir='ltr'><strong>simod</strong></span> <span class='ocrx_word' id='word_1_155' title='bbox 391 2274 509 2354; x_wconf 88' lang='lat' dir='ltr'><strong>templis</strong></span> <span class='ocrx_word' id='word_1_156' title='bbox 532 2283 658 2354; x_wconf 91' lang='lat' dir='ltr'><strong>utraque</strong></span> <span class='ocrx_word' id='word_1_157' title='bbox 682 2276 756 2335; x_wconf 91' lang='lat' dir='ltr'><strong>dona</strong></span> <span class='ocrx_word' id='word_1_158' title='bbox 780 2273 864 2336; x_wconf 89' lang='lat' dir='ltr'><strong>tulit.</strong></span> 
     </span>
    </p>

    <p class='ocr_par' dir='ltr' id='par_1_21' title="bbox 76 2361 961 2529">
     <span class='ocr_line' id='line_1_25' title="bbox 125 2361 961 2444; baseline -0.004 -21"><span class='ocrx_word' id='word_1_159' title='bbox 125 2363 222 2442; x_wconf 89' lang='lat' dir='ltr'><strong>thue</strong></span> <span class='ocrx_word' id='word_1_160' title='bbox 246 2371 317 2424; x_wconf 89' lang='lat' dir='ltr'><strong>tuus</strong></span> <span class='ocrx_word' id='word_1_161' title='bbox 340 2361 457 2441; x_wconf 83' lang='lat' dir='ltr'><strong>gaudet·</strong></span> <span class='ocrx_word' id='word_1_162' title='bbox 470 2363 576 2444; x_wconf 87' lang='lat' dir='ltr'><strong>miles,</strong></span> <span class='ocrx_word' id='word_1_163' title='bbox 600 2361 678 2440; x_wconf 94' lang='lat' dir='ltr'><strong>quod</strong></span> <span class='ocrx_word' id='word_1_164' title='bbox 702 2364 806 2422; x_wconf 86' lang='lat' dir='ltr'><strong>vicerit</strong></span> <span class='ocrx_word' id='word_1_165' title='bbox 829 2361 961 2441; x_wconf 83' lang='lat' dir='ltr'><strong>hostem,</strong></span> 
     </span>
     <span class='ocr_line' id='line_1_26' title="bbox 76 2448 859 2529; baseline -0.006 -16"><span class='ocrx_word' id='word_1_166' title='bbox 76 2464 110 2513; x_wconf 83' lang='lat'><strong>50</strong></span> <span class='ocrx_word' id='word_1_167' title='bbox 126 2451 175 2512; x_wconf 86' lang='lat' dir='ltr'><strong>Sic</strong></span> <span class='ocrx_word' id='word_1_168' title='bbox 198 2453 310 2512; x_wconf 88' lang='lat' dir='ltr'><strong>victum</strong></span> <span class='ocrx_word' id='word_1_169' title='bbox 334 2468 388 2512; x_wconf 88' lang='lat' dir='ltr'><strong>cur</strong></span> <span class='ocrx_word' id='word_1_170' title='bbox 411 2468 443 2511; x_wconf 86' lang='lat' dir='ltr'><strong>sc</strong></span> <span class='ocrx_word' id='word_1_171' title='bbox 466 2451 592 2529; x_wconf 76' lang='lat' dir='ltr'><strong>gaudeat</strong></span> <span class='ocrx_word' id='word_1_172' title='bbox 605 2495 613 2529; x_wconf 95' lang='lat'><strong>,</strong></span> <span class='ocrx_word' id='word_1_173' title='bbox 637 2449 731 2509; x_wconf 88' lang='lat' dir='ltr'><strong>hostis</strong></span> <span class='ocrx_word' id='word_1_174' title='bbox 754 2448 859 2508; x_wconf 88' lang='lat' dir='ltr'><strong>habet.</strong></span> 
     </span>
    </p>

    <p class='ocr_par' dir='ltr' id='par_1_22' title="bbox 125 2534 953 2619">
     <span class='ocr_line' id='line_1_27' title="bbox 125 2534 953 2619; baseline -0.007 -20"><span class='ocrx_word' id='word_1_175' title='bbox 125 2539 218 2599; x_wconf 86' lang='lat' dir='ltr'><strong>Causa</strong></span> <span class='ocrx_word' id='word_1_176' title='bbox 243 2556 307 2599; x_wconf 89' lang='lat' dir='ltr'><strong>mea</strong></span> <span class='ocrx_word' id='word_1_177' title='bbox 331 2545 377 2599; x_wconf 91' lang='lat' dir='ltr'><strong>est</strong></span> <span class='ocrx_word' id='word_1_178' title='bbox 399 2537 525 2619; x_wconf 90' lang='lat' dir='ltr'><strong>melior,</strong></span> <span class='ocrx_word' id='word_1_179' title='bbox 549 2540 599 2617; x_wconf 94' lang='lat' dir='ltr'><strong>qui</strong></span> <span class='ocrx_word' id='word_1_180' title='bbox 622 2554 677 2596; x_wconf 90' lang='lat' dir='ltr'><strong>nec</strong></span> <span class='ocrx_word' id='word_1_181' title='bbox 701 2536 848 2596; x_wconf 88' lang='lat' dir='ltr'><strong>contraria</strong></span> <span class='ocrx_word' id='word_1_182' title='bbox 871 2534 953 2594; x_wconf 90' lang='lat' dir='ltr'><strong>dicor</strong></span> 
     </span>
    </p>

    <p class='ocr_par' dir='ltr' id='par_1_23' title="bbox 125 2626 808 2706">
     <span class='ocr_line' id='line_1_28' title="bbox 125 2626 808 2706; baseline -0.009 -20"><span class='ocrx_word' id='word_1_183' title='bbox 125 2626 236 2706; x_wconf 76' lang='lat' dir='ltr'><strong>Arma,</strong></span> <span class='ocrx_word' id='word_1_184' title='bbox 260 2643 316 2686; x_wconf 87' lang='lat' dir='ltr'><strong>nec</strong></span> <span class='ocrx_word' id='word_1_185' title='bbox 338 2626 462 2687; x_wconf 87' lang='lat' dir='ltr'><strong>hostiles</strong></span> <span class='ocrx_word' id='word_1_186' title='bbox 486 2644 550 2686; x_wconf 90' lang='lat' dir='ltr'><strong>esse</strong></span> <span class='ocrx_word' id='word_1_187' title='bbox 575 2634 697 2686; x_wconf 91' lang='lat' dir='ltr'><strong>secutus</strong></span> <span class='ocrx_word' id='word_1_188' title='bbox 719 2639 808 2701; x_wconf 87' lang='lat' dir='ltr'><strong>opes.</strong></span> 
     </span>
    </p>

    <p class='ocr_par' dir='ltr' id='par_1_24' title="bbox 124 2711 965 2794">
     <span class='ocr_line' id='line_1_29' title="bbox 124 2711 965 2794; baseline -0.001 -20"><span class='ocrx_word' id='word_1_189' title='bbox 124 2714 182 2774; x_wconf 90' lang='lat' dir='ltr'><strong>Per</strong></span> <span class='ocrx_word' id='word_1_190' title='bbox 205 2731 310 2794; x_wconf 89' lang='lat' dir='ltr'><strong>maro,</strong></span> <span class='ocrx_word' id='word_1_191' title='bbox 332 2732 387 2793; x_wconf 89' lang='lat' dir='ltr'><strong>per</strong></span> <span class='ocrx_word' id='word_1_192' title='bbox 409 2721 529 2793; x_wconf 90' lang='lat' dir='ltr'><strong>terras,</strong></span> <span class='ocrx_word' id='word_1_193' title='bbox 551 2731 605 2792; x_wconf 89' lang='lat' dir='ltr'><strong>per</strong></span> <span class='ocrx_word' id='word_1_194' title='bbox 628 2714 714 2773; x_wconf 90' lang='lat' dir='ltr'><strong>tertia</strong></span> <span class='ocrx_word' id='word_1_195' title='bbox 738 2711 858 2770; x_wconf 91' lang='lat' dir='ltr'><strong>numina</strong></span> <span class='ocrx_word' id='word_1_196' title='bbox 881 2712 965 2793; x_wconf 90' lang='lat' dir='ltr'><strong>iuro,</strong></span> 
     </span>
    </p>

    <p class='ocr_par' dir='ltr' id='par_1_25' title="bbox 77 2799 973 2970">
     <span class='ocr_line' id='line_1_30' title="bbox 125 2799 853 2880; baseline 0 -20"><span class='ocrx_word' id='word_1_197' title='bbox 125 2801 184 2861; x_wconf 89' lang='lat' dir='ltr'><strong>Per</strong></span> <span class='ocrx_word' id='word_1_198' title='bbox 207 2808 237 2862; x_wconf 89' lang='lat' dir='ltr'><strong>te</strong></span> <span class='ocrx_word' id='word_1_199' title='bbox 261 2809 448 2880; x_wconf 87' lang='lat' dir='ltr'><strong>praesentem</strong></span> <span class='ocrx_word' id='word_1_200' title='bbox 471 2803 723 2879; x_wconf 89' lang='lat' dir='ltr'><strong>conspicuumque</strong></span> <span class='ocrx_word' id='word_1_201' title='bbox 746 2799 853 2880; x_wconf 91' lang='lat' dir='ltr'><strong>deum,</strong></span> 
     </span>
     <span class='ocr_line' id='line_1_31' title="bbox 77 2888 973 2970; baseline -0.001 -21"><span class='ocrx_word' id='word_1_202' title='bbox 77 2889 210 2950; x_wconf 76' lang='lat' dir='ltr'><strong>ustione</strong></span> <span class='ocrx_word' id='word_1_203' title='bbox 234 2891 359 2949; x_wconf 89' lang='lat' dir='ltr'><strong>animam</strong></span> <span class='ocrx_word' id='word_1_204' title='bbox 383 2891 489 2949; x_wconf 82' lang='lat' dir='ltr'><strong>favisse</strong></span> <span class='ocrx_word' id='word_1_205' title='bbox 513 2888 589 2968; x_wconf 91' lang='lat' dir='ltr'><strong>tibi,</strong></span> <span class='ocrx_word' id='word_1_206' title='bbox 611 2889 656 2948; x_wconf 80' lang='lat' dir='ltr'><strong>vir</strong></span> <span class='ocrx_word' id='word_1_207' title='bbox 679 2889 825 2970; x_wconf 81' lang='lat' dir='ltr'><strong>maxime,</strong></span> <span class='ocrx_word' id='word_1_208' title='bbox 849 2906 973 2968; x_wconf 89' lang='lat' dir='ltr'><strong>meque,</strong></span> 
     </span>
    </p>

    <p class='ocr_par' dir='ltr' id='par_1_26' title="bbox 126 2975 764 3057">
     <span class='ocr_line' id='line_1_32' title="bbox 126 2975 764 3057; baseline 0.002 -21"><span class='ocrx_word' id='word_1_209' title='bbox 126 2976 190 3046; x_wconf 83' lang='lat' dir='ltr'><strong>Qua</strong></span> <span class='ocrx_word' id='word_1_210' title='bbox 215 2976 276 3037; x_wconf 84' lang='lat' dir='ltr'><strong>s&#39;ola</strong></span> <span class='ocrx_word' id='word_1_211' title='bbox 298 2979 404 3057; x_wconf 92' lang='lat' dir='ltr'><strong>potui,</strong></span> <span class='ocrx_word' id='word_1_212' title='bbox 427 2983 526 3036; x_wconf 85' lang='lat' dir='ltr'><strong>mente</strong></span> <span class='ocrx_word' id='word_1_213' title='bbox 548 2975 640 3036; x_wconf 83' lang='lat' dir='ltr'><strong>tuisse</strong></span> <span class='ocrx_word' id='word_1_214' title='bbox 662 2983 764 3037; x_wconf 91' lang='lat' dir='ltr'><strong>tuum.</strong></span> 
     </span>
    </p>

    <p class='ocr_par' dir='ltr' id='par_1_27' title="bbox 126 3062 805 3145">
     <span class='ocr_line' id='line_1_33' title="bbox 126 3062 805 3145; baseline -0.001 -21"><span class='ocrx_word' id='word_1_215' title='bbox 126 3062 254 3145; x_wconf 86' lang='lat' dir='ltr'><strong>Optavi,</strong></span> <span class='ocrx_word' id='word_1_216' title='bbox 277 3073 396 3144; x_wconf 89' lang='lat' dir='ltr'><strong>peteres</strong></span> <span class='ocrx_word' id='word_1_217' title='bbox 419 3064 557 3125; x_wconf 90' lang='lat' dir='ltr'><strong>caelestia</strong></span> <span class='ocrx_word' id='word_1_218' title='bbox 580 3064 676 3124; x_wconf 90' lang='lat' dir='ltr'><strong>sidera</strong></span> <span class='ocrx_word' id='word_1_219' title='bbox 699 3063 805 3143; x_wconf 88' lang='lat' dir='ltr'><strong>tarde,</strong></span> 
     </span>
    </p>

    <p class='ocr_par' dir='ltr' id='par_1_28' title="bbox 125 3150 853 3231">
     <span class='ocr_line' id='line_1_34' title="bbox 125 3150 853 3231; baseline -0.003 -21"><span class='ocrx_word' id='word_1_220' title='bbox 125 3151 257 3231; x_wconf 90' lang='lat' dir='ltr'><strong>Parsque</strong></span> <span class='ocrx_word' id='word_1_221' title='bbox 282 3153 325 3212; x_wconf 82' lang='lat' dir='ltr'><strong>fui</strong></span> <span class='ocrx_word' id='word_1_222' title='bbox 348 3151 451 3212; x_wconf 91' lang='lat' dir='ltr'><strong>turbae</strong></span> <span class='ocrx_word' id='word_1_223' title='bbox 474 3169 564 3231; x_wconf 89' lang='lat' dir='ltr'><strong>parva</strong></span> <span class='ocrx_word' id='word_1_224' title='bbox 585 3153 734 3231; x_wconf 86' lang='lat' dir='ltr'><strong>precantis</strong></span> <span class='ocrx_word' id='word_1_225' title='bbox 757 3150 853 3227; x_wconf 81' lang='lat' dir='ltr'><strong>idem3</strong></span> 
     </span>
    </p>

    <p class='ocr_par' dir='ltr' id='par_1_29' title="bbox 77 3234 981 3406">
     <span class='ocr_line' id='line_1_35' title="bbox 126 3234 981 3319; baseline -0.008 -20"><span class='ocrx_word' id='word_1_226' title='bbox 126 3238 164 3299; x_wconf 87' lang='lat' dir='ltr'><strong>Et</strong></span> <span class='ocrx_word' id='word_1_227' title='bbox 186 3242 235 3319; x_wconf 93' lang='lat' dir='ltr'><strong>pia</strong></span> <span class='ocrx_word' id='word_1_228' title='bbox 258 3248 325 3300; x_wconf 89' lang='lat' dir='ltr'><strong>tura</strong></span> <span class='ocrx_word' id='word_1_229' title='bbox 347 3240 415 3300; x_wconf 90' lang='lat' dir='ltr'><strong>dedi</strong></span> <span class='ocrx_word' id='word_1_230' title='bbox 437 3258 492 3318; x_wconf 92' lang='lat' dir='ltr'><strong>pro</strong></span> <span class='ocrx_word' id='word_1_231' title='bbox 515 3249 567 3319; x_wconf 89' lang='lat' dir='ltr'><strong>te,</strong></span> <span class='ocrx_word' id='word_1_232' title='bbox 591 3257 717 3316; x_wconf 86' lang='lat' dir='ltr'><strong>cumque</strong></span> <span class='ocrx_word' id='word_1_233' title='bbox 744 3234 880 3296; x_wconf 90' lang='lat' dir='ltr'><strong>omnibus</strong></span> <span class='ocrx_word' id='word_1_234' title='bbox 904 3250 981 3293; x_wconf 91' lang='lat' dir='ltr'><strong>unus</strong></span> 
     </span>
     <span class='ocr_line' id='line_1_36' title="bbox 77 3324 800 3406; baseline -0.007 -19"><span class='ocrx_word' id='word_1_235' title='bbox 77 3339 112 3387; x_wconf 80' lang='lat'><strong>60</strong></span> <span class='ocrx_word' id='word_1_236' title='bbox 127 3325 194 3406; x_wconf 92' lang='lat' dir='ltr'><strong>lpse</strong></span> <span class='ocrx_word' id='word_1_237' title='bbox 218 3346 336 3406; x_wconf 91' lang='lat' dir='ltr'><strong>quoque</strong></span> <span class='ocrx_word' id='word_1_238' title='bbox 360 3328 458 3388; x_wconf 91' lang='lat' dir='ltr'><strong>adiuvi</strong></span> <span class='ocrx_word' id='word_1_239' title='bbox 480 3326 598 3405; x_wconf 88' lang='lat' dir='ltr'><strong>publica</strong></span> <span class='ocrx_word' id='word_1_240' title='bbox 621 3333 687 3385; x_wconf 90' lang='lat' dir='ltr'><strong>vota</strong></span> <span class='ocrx_word' id='word_1_241' title='bbox 710 3324 800 3384; x_wconf 91' lang='lat' dir='ltr'><strong>meis.</strong></span> 
     </span>
    </p>

    <p class='ocr_par' dir='ltr' id='par_1_30' title="bbox 128 3409 1042 3494">
     <span class='ocr_line' id='line_1_37' title="bbox 128 3409 1042 3494; baseline -0.011 -18"><span class='ocrx_word' id='word_1_242' title='bbox 128 3414 204 3484; x_wconf 88' lang='lat' dir='ltr'><strong>Quid</strong></span> <span class='ocrx_word' id='word_1_243' title='bbox 227 3417 354 3476; x_wconf 74' lang='lat' dir='ltr'><strong>referam</strong></span> <span class='ocrx_word' id='word_1_244' title='bbox 378 3414 491 3494; x_wconf 87' lang='lat' dir='ltr'><strong>libros,</strong></span> <span class='ocrx_word' id='word_1_245' title='bbox 518 3414 584 3475; x_wconf 89' lang='lat' dir='ltr'><strong>illos</strong></span> <span class='ocrx_word' id='word_1_246' title='bbox 609 3429 727 3491; x_wconf 91' lang='lat' dir='ltr'><strong>quoque</strong></span> <span class='ocrx_word' id='word_1_247' title='bbox 740 3456 748 3489; x_wconf 94' lang='lat'><strong>,</strong></span> <span class='ocrx_word' id='word_1_248' title='bbox 778 3409 900 3469; x_wconf 89' lang='lat' dir='ltr'><strong>crimina</strong></span> <span class='ocrx_word' id='word_1_249' title='bbox 923 3415 1042 3485; x_wconf 91' lang='lat' dir='ltr'><strong>nostra,</strong></span> 
     </span>
    </p>

    <p class='ocr_par' dir='ltr' id='par_1_31' title="bbox 127 3493 759 3581">
     <span class='ocr_line' id='line_1_38' title="bbox 127 3493 759 3581; baseline -0.005 -20"><span class='ocrx_word' id='word_1_250' title='bbox 127 3501 204 3563; x_wconf 83' lang='lat' dir='ltr'><strong>Mille</strong></span> <span class='ocrx_word' id='word_1_251' title='bbox 228 3501 301 3562; x_wconf 91' lang='lat' dir='ltr'><strong>locis</strong></span> <span class='ocrx_word' id='word_1_252' title='bbox 323 3503 426 3581; x_wconf 90' lang='lat' dir='ltr'><strong>plenos</strong></span> <span class='ocrx_word' id='word_1_253' title='bbox 449 3503 577 3563; x_wconf 91' lang='lat' dir='ltr'><strong>nominis</strong></span> <span class='ocrx_word' id='word_1_254' title='bbox 601 3517 666 3560; x_wconf 91' lang='lat' dir='ltr'><strong>esse</strong></span> <span class='ocrx_word' id='word_1_255' title='bbox 690 3493 759 3559; x_wconf 79' lang='lat' dir='ltr'><strong>tui?</strong></span> 
     </span>
    </p>
   </div>
   <div class='ocr_carea' id='block_1_3' title="bbox 0 0 1198 3892">
    <p class='ocr_par' dir='ltr' id='par_1_32' title="bbox 0 0 1198 3892">
     <span class='ocr_line' id='line_1_39' title="bbox 0 0 1198 3892; baseline 0 0"><span class='ocrx_word' id='word_1_256' title='bbox 0 0 1198 3892; x_wconf 95' lang='lat' dir='ltr'><strong> </strong></span> 
     </span>
    </p>
   </div>
  </div>
 </body>
</html>
