2386 3892
473 177 504 230 V.
523 179 673 232 eto-318.

205 340 228 398 A
252 339 327 400 duce
349 337 479 400 Puniceo
502 339 647 423 pertulit,
669 342 733 419 ipse
756 340 851 402 feras.

161 426 221 487 Nec
245 425 298 488 tihi
322 424 453 487 subsidio
476 445 617 507 praesens
641 429 680 489 sit
701 446 834 511 numen,
857 437 891 491 ut
913 428 975 512 illl,

205 513 259 575 Cui
281 513 323 575 nil
346 514 471 576 Rhoetei
493 516 606 594 profuit
627 533 677 576 ara
699 516 794 578 loris.

91 616 145 666 285
159 602 257 682 thue
280 602 362 663 dedit
384 602 476 664 saltus
499 602 536 664 de
558 621 672 666 summa
695 603 854 667 Thessalus
876 603 968 686 Ossa,

203 690 248 751 'lu
272 708 391 770 qnoque
414 708 518 752 saxoso
540 694 736 772 praecipitere
759 695 846 771 iugo.

92 813 131 824 -
158 780 218 841 Aut
235 778 314 840 velut
333 778 514 859 Eurylochi,
537 782 588 859 qui
607 788 757 860 sceptrum
781 783 860 859 cepit
883 780 1007 863 abillo,
1033 793 1077 847 (u)

205 865 270 927 Sint
292 875 375 928 artus
399 867 490 928 aridis
512 867 657 947 anguibus
680 885 747 929 esca
770 870 833 930 tui.

158 954 211 1015 Vel
234 964 284 1016 tua
307 962 458 1036 maturet,
481 957 560 1017 sicut
580 956 688 1016 Minoia
711 957 788 1036 fata,

90 1057 143 1105 eoo
203 1042 260 1104 Per
283 1050 373 1122 eaput
395 1043 509 1105 infusae
533 1043 664 1106 fervidus
687 1061 774 1105 umor
797 1062 908 1124 aquae.

159 1131 256 1209 thue
279 1148 404 1210 operum
423 1133 524 1213 mitis,
546 1131 599 1192 sed
622 1149 681 1192 non
704 1134 843 1214 impune,
862 1131 1076 1214 Prometheus,

202 1220 304 1279 Aerias
328 1218 464 1280 volucres
487 1219 629 1298 compede
652 1220 727 1280 llrus
750 1219 828 1281 alas.

92 1341 134 1351 -
159 1307 217 1368 Aut
239 1307 320 1368 velut
337 1306 508 1388 Etracides,
530 1324 636 1386 magno
655 1316 701 1367 ter
725 1305 761 1367 al)
780 1307 908 1369 Hercule
932 1310 1077 1389 quintus,

203 1394 313 1456 Caesus
336 1397 367 1455 in
390 1396 557 1457 inmensum
580 1396 726 1474 proiciare
750 1395 878 1456 fretum.

93 1496 144 1545 teo
159 1485 218 1545 Aut
240 1491 273 1543 ut
295 1482 510 1564 Amyntiaden,
533 1485 614 1562 turpi
637 1482 763 1544 dilectus
786 1499 886 1544 amore

204 1568 329 1650 Oderit,
353 1580 382 1630 et
406 1588 492 1631 saevo
515 1570 651 1632 vulneret
673 1587 745 1632 ense
768 1589 865 1650 puer.

158 1658 220 1719 Nec
243 1657 298 1719 tihi
320 1658 376 1719 lida
399 1660 492 1737 magis
515 1661 635 1719 misceri
656 1659 761 1739 pocula
784 1661 916 1741 possint,

204 1746 298 1817 Quam
321 1748 374 1824 qui
395 1747 551 1824 cornigero
575 1746 610 1808 de
634 1745 701 1807 love
724 1754 812 1808 natus
835 1757 917 1809 erat.

160 1833 241 1895 llore
264 1833 310 1894 vel
332 1836 461 1894 intereas
485 1836 563 1914 capti
586 1851 750 1914 suspensus
773 1835 899 1915 Achaei,

98 1934 146 1983 ³00
205 1921 263 1993 Qui
285 1923 375 1982 miser
398 1920 526 1983 aurifera
549 1929 624 1983 teste
647 1921 788 2001 pependit
810 1941 903 2002 aqua.

160 2011 218 2071 Aut
239 2016 274 2070 ut
296 2009 481 2089 Achilliden,
505 2017 628 2088 cognato
651 2012 770 2071 nomine
794 2010 924 2092 clarum,

203 2095 358 2177 Opprimat
378 2095 478 2158 hostili
501 2098 600 2177 tegula
622 2100 698 2159 iacta
720 2115 826 2159 manu.

159 2186 219 2246 Nec
242 2194 293 2245 tna
316 2202 403 2264 quam
425 2184 532 2265 Pyrrhi
554 2185 669 2247 felicius
692 2202 759 2247 ossa
782 2188 955 2269 quiescant,

204 2273 312 2353 Sparsa
333 2291 388 2353 per
406 2272 576 2335 Ambracias
599 2290 674 2353 qnae
697 2275 816 2334 iacuere
838 2276 916 2336 vias.

101 2373 146 2421 305
160 2361 290 2441 Nataque
314 2368 347 2422 ut
370 2361 511 2422 Aeacidae
533 2360 637 2422 iaculis
660 2362 796 2422 moriaris
819 2361 947 2442 adactis;

203 2448 268 2510 Non
292 2449 362 2510 licet
384 2449 440 2510 hoe
463 2448 565 2510 Cereri
588 2446 774 2509 dissimulare
798 2465 933 2509 sacrum.

159 2535 254 2616 thue
278 2554 371 2616 nepos
393 2536 465 2598 dicti
488 2545 591 2598 nostro
614 2535 702 2598 modo
725 2537 856 2595 carmine
878 2537 977 2615 regis,

203 2624 422 2697 Cantharidum,
437 2642 524 2687 sucos
548 2624 635 2686 dante
659 2629 782 2703 parente
806 2621 906 2684 bibas.

159 2714 217 2775 Aut
239 2715 287 2792 pia
310 2720 340 2774 te
363 2731 449 2774 caeso
472 2712 587 2776 dicatur
610 2711 744 2774 adultera
756 2757 765 2792 ,
788 2711 867 2772 sicut
1032 2724 1073 2778 (rs)

99 2810 146 2861 310
203 2800 267 2872 Qua
290 2800 398 2863 cecidit
419 2801 540 2863 Leucon
561 2800 700 2882 vindice,
723 2799 800 2861 dicta
822 2802 870 2879 pia
893 2811 955 2863 est.

133 2887 250 2968 ,Inque
273 2906 376 2968 pyram
399 2896 498 2951 tecum
521 2891 673 2950 carissima
696 2906 820 2969 corpora
843 2891 959 2971 mittas,

203 2976 298 3048 Quem
321 2978 409 3038 linem
432 2979 508 3038 ritae
531 2976 756 3058 Sardanapallus
779 2976 884 3039 habet.
942 3011 946 3018 ·

158 3064 255 3144 thue
279 3064 355 3126 lovis
378 3063 480 3145 Libyci
502 3065 645 3145 templum
669 3065 777 3126 violare
799 3066 968 3143 parantes,'

201 3154 277 3214 Acta
296 3159 367 3213 noto
391 3151 490 3214 vultus
513 3152 620 3214 condat
642 3153 751 3214 harena
775 3160 862 3213 tuos.

95 3250 144 3299 315
158 3238 255 3319 thue
280 3247 451 3301 necatorum
474 3238 561 3302 Darei
584 3241 688 3302 fraude
711 3237 854 3317 secundi,

203 3327 253 3388 Sic
276 3335 326 3389 tua
350 3326 506 3388 subsidens
529 3327 651 3388 devoret
673 3342 725 3386 ora
748 3326 840 3385 cinis.

157 3414 217 3476 Aut
240 3424 273 3478 ut
296 3413 428 3475 olivifera
451 3415 598 3493 quondam
623 3413 749 3491 Sicyone
771 3410 923 3492 prolecto,

203 3502 248 3564 Sit
271 3503 364 3581 frigus
386 3505 491 3563 mortis
514 3519 601 3563 causa
624 3501 776 3578 famesque
798 3507 883 3560 tuae.
