2386 3892
130 148 194 203 XIV

132 314 284 390 superiore
295 315 445 374 exoletum
458 313 572 374 vidi-
583 315 715 392 singulos
730 313 841 390 passim
856 317 909 374 aut
923 315 1024 390 plures
1034 333 1148 375 versus

132 402 320 462 oblitteratos
341 403 479 477 haberet,
508 402 668 462 transcribi
689 403 721 461 in
743 402 803 461 alia
830 402 1010 477 exemplaria
1031 404 1145 479 potuit,

130 491 180 548 vel
207 490 311 548 eodem
337 491 386 549 vel
413 490 556 566 ampliate
583 490 760 566 paginarum
781 489 882 564 mode,
910 494 1029 566 notate,
1056 494 1147 569 pute,

131 578 306 654 plerumque
337 595 490 654 versuum,
526 579 577 654 qui
611 578 672 656 legi
702 596 762 637 non
792 581 965 655 potuerant,
1001 596 1142 656 numer03

131 683 205 741 quas
233 667 353 725 lacunas
381 684 440 725 nou
463 665 566 724 eodem
588 668 722 742 tempore
751 683 866 742 omnes,
894 669 964 726 ante
987 667 1142 726 saeculum

131 756 233 812 tamen
250 772 295 812 x11
312 754 525 830 propemodum
544 754 646 814 sedulo
666 772 767 813 omnes
782 754 915 829 expletus
929 754 1071 814 credibile
1086 759 1142 816 est

220 840 295 901 Sunt
326 841 399 900 haec
429 842 519 917 paulo
551 841 726 918 explicatius
759 842 943 901 declaranda.
995 861 1060 902 rem
1092 845 1139 902 ta·

131 947 200 988 men
222 929 326 1004 ipsam,
350 928 386 988 de
408 947 467 1006 qua
490 929 598 1006 agitur,
622 929 695 989 satis
714 930 774 990 iam
792 948 861 989 reor
877 932 1040 1005 patescere,
1063 948 1142 1006 quae

131 1017 163 1075 in
194 1017 323 1076 carmine
355 1018 474 1077 tantulo
506 1019 625 1092 plenam
657 1018 883 1093 explicationem
913 1036 974 1077 non
1005 1018 1141 1080 habebit.

131 1105 309 1180 paginarum
331 1105 487 1181 archetypi
510 1105 745 1165 dinumeratione
772 1105 882 1182 triplex
905 1106 981 1165 illud
1004 1106 1136 1183 interpo-

131 1192 251 1252 lationis
281 1211 376 1270 genus
406 1194 596 1270 proponitur:
628 1212 735 1272 unum,
767 1213 824 1271 quc
857 1194 1038 1254 detrimenta
1071 1213 1141 1271 sup-

131 1281 264 1357 plentur3
288 1282 429 1357 alterurn,
453 1281 551 1357 siquid
573 1282 605 1340 in
626 1282 742 1358 paginis
766 1300 858 1357 supra
880 1282 1049 1358 legitimum
1071 1302 1138 1342 ver·

132 1386 219 1427 suurn
244 1387 401 1428 numerum
428 1369 584 1448 infertum,
612 1371 696 1429 velut
723 1370 759 1429 de
783 1362 855 1450 (23)
879 1373 910 1429 et
932 1361 1004 1450 (25)
1028 1370 1138 1430 indica·

131 1457 249 1532 bamus;
285 1458 421 1533 tertium,
452 1458 550 1518 minus
581 1476 635 1534 per
663 1458 780 1535 singula
811 1457 1013 1536 conspicuum,
1051 1459 1141 1534 quod,

131 1545 256 1622 integris
275 1546 430 1621 archetypi
447 1545 564 1622 paginis
578 1546 831 1624 comprehensum,
855 1546 963 1606 aetatis
978 1547 1142 1621 superioris

132 1651 197 1691 esse
221 1633 378 1708 oportebit.

219 1719 315 1779 Primi
345 1721 461 1796 generis
492 1720 524 1779 in
555 1721 694 1780 extremis
725 1721 843 1798 paginis
871 1721 1016 1799 quaedam
1044 1723 1141 1782 latere

132 1811 265 1883 possunt.
318 1808 349 1866 in
373 1807 447 1866 serie
470 1809 523 1866 illa
545 1809 686 1868 continua
708 1810 885 1886 paginarum
907 1810 1041 1886 priorum
1063 1823 1139 1870 xv11

132 1895 265 1954 offendor
292 1895 417 1955 disticho
447 1899 508 1956 197
543 1898 614 1957 198.
667 1898 742 1957 Iade
764 1898 843 1973 quod
864 1898 1004 1974 legimus,
1032 1898 1140 1956 referri

132 2001 191 2041 nou
212 1986 314 2057 potest
336 1984 374 2042 ad
397 1988 478 2043 touta
499 1985 579 2044 mola
601 2003 676 2059 quae
700 1984 838 2044 dicuntur
859 2005 887 2046 v.
914 1988 974 2045 196
999 1989 1030 2044 et
1053 2005 1139 2045 enar-

132 2073 238 2129 rantur
256 2070 325 2130 inde
343 2090 361 2130 a
379 2091 407 2131 v.
429 2074 505 2131 161:
523 2090 583 2132 non
602 2076 671 2132 sunt
690 2091 725 2132 ea
743 2078 853 2149 cundo,
876 2091 952 2151 quae
969 2073 1141 2133 indicantur

131 2178 159 2217 v.
184 2160 261 2232 203,
293 2159 371 2218 unde
398 2162 513 2236 partem
541 2160 770 2237 deprompturus
798 2164 844 2220 est
872 2165 969 2237 poeta.
1025 2162 1142 2222 accedit

132 2246 211 2321 quod
232 2265 333 2320 pauca
361 2266 393 2306 se
423 2250 611 2306 cantaturum
642 2248 726 2325 dicit,
757 2268 805 2309 vv.
830 2251 892 2310 247
926 2251 988 2309 248
1021 2251 1139 2324 plenius

132 2333 305 2393 vaticinium
323 2335 438 2410 pridem
457 2335 514 2394 sibi
531 2334 743 2396 demandatum
761 2337 807 2396 dis
825 2337 996 2397 iuvantibus
1015 2338 1140 2397 orditur.

132 2422 219 2482 credo
252 2423 399 2483 distichon
436 2423 507 2482 olim
538 2423 668 2484 adfuisse
700 2424 732 2483 in
762 2426 838 2485 hanc
869 2426 932 2484 fere
948 2427 1137 2502 sententiam,

132 2504 241 2571 ‘nescio
264 2512 342 2571 unde
365 2511 484 2571 initium
506 2512 620 2587 capiam
643 2512 752 2588 uberis,
776 2513 854 2589 quod
876 2514 1026 2591 proposui,
1050 2532 1139 2591 argu-

106 2594 245 2660 -menti'.
290 2600 439 2676 levigatur
476 2600 519 2659 ita
555 2600 699 2660 transitus
736 2601 787 2660 ille
824 2601 862 2661 ad
897 2602 990 2661 ibidis
1022 2604 1140 2662 natales

131 2706 158 2746 v.
183 2689 256 2746 207.
287 2718 324 2730 -
373 2688 520 2746 distichon
542 2687 620 2763 quod
643 2692 689 2749 cst
715 2688 747 2748 in
774 2693 907 2749 extrema
933 2710 961 2765 p.
987 2682 1052 2770 (3),
1080 2709 1140 2749 non

131 2774 300 2851 putaverim
323 2774 421 2834 Ovidii
449 2793 521 2836 esse.
576 2777 723 2836 sententia
749 2777 882 2854 vulgaris
911 2781 941 2838 et
964 2778 1085 2838 debilis:
1114 2779 1140 2837 si

131 2863 206 2937 lbis,
230 2862 309 2936 qued
331 2866 417 2938 pute,
440 2862 571 2923 tumidus
594 2868 684 2940 poeta
705 2865 777 2942 fuit,
803 2866 956 2926 involucra
978 2865 1031 2924 illa
1054 2866 1138 2925 fabu-

131 2952 228 3008 larum
254 2968 313 3009 non
340 2950 378 3010 ad
406 2951 602 3028 obtegendam
629 2954 761 3012 dirarum
788 2953 992 3028 acrimoniam,
1020 2954 1073 3012 sed
1101 2953 1139 3012 ad

132 3037 330 3099 exacuendam
349 3039 537 3115 spectabant3
560 3040 592 3099 id
610 3043 689 3117 quod
707 3041 841 3100 versibus
867 3043 906 3102 58
932 3043 972 3101 59
1000 3043 1040 3100 60
1065 3042 1139 3100 adeo

131 3127 286 3202 perspicue
314 3126 465 3202 proditum
492 3128 623 3205 uidetur,
654 3133 689 3189 ut
712 3129 738 3188 si
760 3129 946 3195 dissimulare
968 3131 1058 3203 poeta
1079 3131 1140 3189 ista

131 3215 308 3291 figuratione
331 3216 488 3291 voluisset,
515 3215 629 3275 frustra
655 3217 769 3276 fuisset.
824 3220 925 3276 tamen
951 3217 1074 3276 lacunae
1096 3218 1139 3277 lo-

132 3322 199 3361 cum
234 3321 294 3362 uon
321 3303 456 3380 dispicie;
492 3303 667 3363 crediderim
698 3305 921 3381 interpolatoris
948 3305 1060 3364 ueteris
1088 3324 1135 3381 ap·

131 3390 316 3465 pendiculum
347 3391 407 3450 iam
436 3391 467 3450 in
501 3392 662 3466 archetypo
694 3392 854 3454 inventam.
885 3423 922 3434 -
952 3411 1057 3452 uersus
1087 3393 1138 3468 qui

132 3478 296 3536 edebantur
323 3480 363 3536 41
394 3481 450 3556 42,
480 3479 596 3556 primus
624 3480 779 3540 sustulisse
807 3480 925 3542 videor:
956 3479 1137 3540 Schraderus
