2386 3892
399 195 508 245 IBIDlS
527 196 557 249 V.
579 199 687 247 1—22.·

445 1156 634 1240 IBIS.

129 1409 254 1490 Tempus
280 1410 316 1471 ad
344 1411 421 1492 hoc,
449 1410 552 1472 lustris
579 1408 625 1472 bis
654 1410 710 1470 iam
740 1409 811 1470 mihi
838 1411 969 1490 quinque

218 1501 362 1577 peractis,

171 1586 264 1647 Omne
287 1587 344 1647 luit
366 1585 465 1647 Musae
490 1605 608 1648 carmen
632 1589 745 1647 inerme
770 1604 869 1667 meae;

129 1673 292 1754 Nullaque,
316 1693 390 1752 quae
413 1678 530 1756 possit,
554 1677 673 1754 scriptis
696 1682 741 1737 tot
763 1675 899 1756 milibus,
922 1683 1001 1737 extat

170 1763 280 1823 Littera
306 1763 429 1824 Nasonis
453 1763 676 1842 sanguinolenta
698 1763 773 1842 legi:

103 1849 187 1910 tNec
211 1868 388 1930 quemquam
412 1854 506 1911 nostri
529 1853 587 1911 nisi
610 1870 656 1911 me
680 1850 792 1912 laesere
816 1850 925 1930 libelli,

171 1939 299 1999 Artificis
322 1941 411 2017 periit
434 1957 501 2000 cum
525 1948 613 2017 caput
636 1940 706 2000 Arte
730 1956 800 1999 sua.

128 2025 210 2087 Unus
229 2059 262 2068 —
282 2035 312 2087 et
330 2025 386 2086 hoc
404 2029 500 2104 ipsum
521 2033 566 2087 est
584 2028 691 2087 iniuria
710 2044 813 2105 magna
832 2044 1041 2105 -perennem

171 2114 314 2175 Candoris
338 2113 456 2174 titulum
480 2132 539 2175 non
563 2116 633 2175 sinit
656 2132 721 2175 esse
745 2117 822 2175 mei.

129 2200 268 2281 Quisquis
295 2203 321 2261 is
349 2209 417 2282 est,
445 2234 477 2244 —
505 2220 572 2262 nam
599 2220 707 2263 nomen
734 2202 830 2263 adhoc
858 2211 1019 2281 utcumque

672 2289 776 2350 tacebo
798 2322 839 2333 -

89 2388 117 2438 10
173 2378 258 2456 Cogit
280 2380 445 2438 inassuetas
468 2394 587 2456 sumere
609 2376 667 2436 tela
689 2394 811 2437 manus.

129 2465 179 2526 llle
204 2466 366 2544 relegatum
389 2466 502 2544 gelidos
525 2464 669 2543 aquilonis
693 2463 728 2525 acl
751 2471 836 2524 ortus

172 2553 237 2614 Non
261 2556 331 2615 sinit
354 2553 441 2614 exilio
464 2553 616 2614 delituisse
639 2569 727 2631 meo;

129 2641 316 2721 Vulneraque
340 2645 450 2702 inmitis
475 2644 608 2719 requiem
632 2640 803 2720 quaerentia
828 2647 929 2720 vexat,
1005 2641 1006 2644 ’

173 2731 264 2790 lactat
287 2732 369 2791 etin
392 2738 455 2791 toto
478 2732 596 2789 nomina
619 2737 721 2790 nostra
743 2728 826 2807 ioro;

90 2826 117 2876 to
131 2816 337 2896 Perpetuoque
361 2818 432 2879 mihi
455 2821 594 2879 sociatam
617 2818 737 2878 loedere
760 2815 830 2879 lecti

174 2905 238 2966 Non
261 2908 374 2985 patitur
397 2907 454 2966 vivi
475 2906 580 2966 lunera
602 2905 674 2967 llere
698 2907 771 2967 viri.

132 2992 264 3073 Cumque
297 3012 351 3071 ego
384 3010 490 3072 quassa
522 3010 603 3054 meae
637 2994 816 3072 complectar
847 2990 977 3053 membra

675 3084 809 3160 carinae,

173 3168 325 3247 Naufragii
349 3167 464 3246 tabulas
487 3178 599 3248 pugnat
621 3167 731 3230 habere
752 3169 831 3228 mei:

132 3254 168 3316 Et
191 3259 242 3334 qui
265 3256 409 3318 debuerat
432 3256 544 3318 subitas
568 3260 740 3334 extinguere
764 3255 913 3331 flammas,

91 3351 119 3401 to
177 3342 231 3405 llic
255 3346 393 3424 praedam
417 3345 514 3406 medio
537 3354 639 3423 raptor
662 3341 698 3402 ab
721 3344 789 3420 igue
812 3341 904 3420 petit.

132 3429 263 3511 Nititur,
288 3442 322 3494 ut
344 3433 487 3513 profugae
510 3433 607 3492 desint
631 3430 767 3491 alimenta
790 3434 945 3489 senectae.
1005 3429 1033 3478 (n

176 3518 262 3580 Heu!
295 3529 405 3599 quanto
429 3526 475 3580 est
498 3520 607 3580 nostris
630 3516 747 3595 dignior
770 3519 833 3596 ipse
858 3512 958 3576 malisi
