2386 3892
374 136 376 141 Ι
422 166 467 216 IV.
487 168 683 218 vid-V133.

521 362 580 437 Vl.

138 507 231 576 eram
254 504 350 584 legiS,
374 522 409 564 ex
432 503 490 563 illis
514 503 569 562 tibi
592 506 673 564 venit
696 504 839 585 epistula,
863 503 971 586 Brute,
999 517 1059 569 ure)

182 593 325 653 Nasonem
351 592 442 651 nolles
466 593 495 651 ln
521 591 629 669 quibus
654 609 719 652 esse
743 592 833 654 locis.

139 682 196 741 Sed
221 691 252 741 tu
277 680 355 758 quod
379 679 494 757 nolles,
517 679 610 740 voluit
632 679 800 740 miserabile
823 681 935 743 latum.

181 769 216 828 Bi
239 766 334 828 mihil
366 768 433 846 plus
457 766 551 847 illud,
576 785 663 845 quam
688 777 737 828 tua
761 775 826 827 vota
840 815 848 848 ,
873 768 966 830 valet.

106 857 171 919 tln
195 857 313 935 Scythia
337 855 422 915 nobis
446 857 646 933 quinquennis
669 855 810 934 olympias
833 863 897 917 actu
920 865 984 918 est:

181 944 239 1003 lam
264 952 381 1023 tempus
404 943 491 1003 lustri
514 946 621 1004 transit
644 946 673 1003 in
698 943 836 1004 alterins.

137 1033 251 1092 Perstat
276 1034 354 1091 enirn
378 1032 495 1091 lortuna
519 1040 627 1111 tenax,
651 1034 785 1110 votisque
809 1031 970 1112 malignum

181 1120 310 1199 Opponit
333 1122 443 1179 nostrls
466 1119 607 1178 insidiosa
631 1119 753 1198 pedem.

137 1208 243 1267 Certus
267 1225 332 1267 eras
355 1225 409 1286 pro
434 1224 502 1286 me,
526 1206 632 1266 Fabiae
655 1206 727 1286 lux,
751 1207 898 1287 Maxime,
921 1210 1040 1289 gentle,

91 1309 122 1358 10
182 1295 297 1355 Numen
322 1296 356 1355 ad
381 1296 545 1372 Augustum
570 1293 702 1372 supplice
726 1313 796 1354 voce
821 1294 921 1371 loqui.

137 1383 254 1444 Occidis
278 1390 345 1443 ante
369 1400 495 1461 preces.
538 1399 716 1460 causamque
740 1400 816 1460 ego,
840 1381 984 1463 Maxime,

684 1473 788 1529 mortis
808 1502 841 1513 να

181 1559 241 1618 Nec
266 1559 349 1618 luero
373 1559 499 1617 tanti-
518 1575 565 1618 me
589 1575 657 1618 reor
681 1576 746 1618 esse
770 1565 855 1619 tune.

137 1647 197 1707 lam
222 1649 309 1706 timeo
332 1655 463 1705 nostram
487 1649 625 1725 cuiquam
649 1645 787 1706 mandare
811 1645 954 1707 salutemz

183 1736 281 1812 lpsum
305 1740 400 1793 morte
424 1742 474 1794 tua
497 1734 626 1795 concidit
649 1734 806 1794 auxilinm.

88 1835 120 1883 15
137 1822 281 1900 Coeperat
304 1821 454 1899 Augustus
479 1822 618 1900 deceptae
644 1825 796 1900 ignoscere
821 1822 944 1900 culpaes

182 1910 270 1987 Spem
294 1918 425 1969 nostram
450 1920 544 1970 terras
568 1910 759 1989 deseruitque
783 1909 887 1970 simul.

137 1998 229 2067 Quale
254 2006 350 2056 tamen
373 1999 457 2075 potui
469 2045 478 2077 ,
502 1997 538 2057 de
562 1998 687 2079 caelite,
711 1997 824 2078 Brute,
847 1999 964 2058 recenti

181 2085 284 2145 Vestra
307 2084 411 2163 procul
434 2087 548 2163 positus
572 2103 691 2146 carmen
715 2088 745 2146 in
769 2103 821 2145 ora
844 2085 930 2146 dedi.

138 2173 219 2242 erae
242 2175 337 2250 prosit
359 2175 452 2251 pietas
476 2176 589 2233 utinam
613 2173 685 2233 milri
698 2220 706 2252 ,
730 2176 828 2251 sitque
852 2173 997 2234 malorum

88 2273 122 2322 20
182 2261 242 2319 lam
266 2260 370 2319 modus
394 2268 424 2320 et
447 2278 547 2321 sacrae
570 2262 670 2320 mitior
693 2262 735 2320 ira
759 2259 882 2321 domuel

137 2347 179 2408 Te
203 2366 321 2426 quoque
344 2348 423 2408 idem
446 2347 557 2427 liquido
581 2364 702 2424 possum
725 2349 823 2406 iurare
847 2351 982 2428 precari,

182 2435 206 2495 0
230 2435 303 2494 mihl
326 2453 385 2495 non
408 2435 496 2496 dubia
520 2437 636 2514 cognite
659 2433 750 2494 Brute
773 2442 858 2495 nota.

137 2523 210 2583 Nam
230 2541 297 2583 cum
316 2525 500 2602 praestiteris
520 2541 622 2584 verum
640 2522 714 2583 milri
733 2539 849 2600 semper

685 2627 831 2688 amorem,
947 2632 952 2642 ’
997 2622 1058 2674 (ιιι)

182 2698 236 2758 llic
259 2705 358 2758 tamen
381 2699 504 2759 adverso
528 2707 660 2778 tempore
683 2700 777 2759 erevit
799 2715 898 2759 emor.

90 2798 123 2848 25
139 2786 254 2864 Quique
278 2793 343 2846 tuas
366 2788 478 2865 pariter
500 2786 634 2847 lacrlmas
657 2795 833 2864 nostrasque
856 2785 989 2867 videret,

181 2874 326 2934 Passurus
349 2891 474 2951 poenam
498 2874 633 2935 crederet
657 2892 722 2935 esse
745 2874 837 2935 duos.

137 2961 248 3021 lenem
272 2969 300 3021 te
324 2964 441 3022 miseris
465 2965 567 3040 gennit
590 2970 715 3042 natura,
756 2980 811 3023 nec
835 2961 888 3022 ulll

181 3049 281 3109 Mitius
304 3051 477 3130 ingenium,
501 3067 588 3128 quam
612 3050 666 3111 tihi
679 3098 687 3130 ,
711 3050 824 3128 Brute,
848 3047 948 3108 dedit:

136 3136 175 3198 Ut
199 3139 251 3215 qui
264 3185 272 3218 ‚
296 3137 367 3215 quid
391 3137 508 3218 valeus,
531 3140 667 3217 ignoret,
691 3137 783 3196 llarte
807 3136 936 3213 lorensi,

91 3236 123 3284 30
181 3224 273 3285 Posse
297 3235 347 3286 tuo
371 3227 472 3304 peragi
496 3228 541 3285 vix
566 3234 650 3303 putet
672 3241 723 3283 ore
747 3240 831 3282 reos.

138 3311 257 3374 Scilicet
282 3313 413 3373 eiusdem
438 3322 504 3386 est,
529 3314 661 3391 quamvis
684 3326 815 3387 pugnare
840 3307 998 3391 ridentur,

183 3399 372 3478 Suppllclhus
396 3399 533 3478 lacilem,
557 3396 691 3458 sontibus
716 3412 779 3456 esse
804 3403 937 3458 trucem.

137 3487 210 3548 Cum
234 3487 288 3547 tibl
311 3494 448 3565 suscepta
472 3494 518 3546 est
540 3485 611 3562 legis
635 3481 762 3544 vindicta
786 3502 925 3567 severae,

92 3593 184 3636 evm.
212 3597 255 3636 ιιι.
861 3591 893 3640 13
