2386 3892
90 161 156 226 282
499 161 691 212 russonum

224 327 270 388 Sit
291 328 395 405 prior,
419 326 493 385 irata
516 323 632 384 Pallade
656 339 778 384 maneus
802 324 876 384 erit.

180 414 237 475 Vos
262 432 401 494 quoque,
424 412 560 473 Phoebea
583 410 703 472 morbos
726 413 777 490 qui
801 410 911 489 pellitis
933 420 1012 486 arte,

224 503 346 564 Munera
369 502 405 562 de
429 503 536 561 vestris
559 518 653 579 pauca
675 501 785 560 relerte
809 499 899 562 deae.

180 591 240 653 Nec
263 609 337 671 vos,
360 588 446 651 turba
470 589 559 650 Phari
582 607 673 650 censu
696 588 852 669 fraudata,
875 591 1048 671 magistri„

114 691 166 742 830
225 679 385 759 Spernite3
409 677 570 755 discipulos
593 676 713 738 attrahit
735 676 784 737 illa
807 694 917 738 novos:

180 769 296 847 Quique
320 785 419 827 moves
443 766 577 846 eaelum,
603 764 791 844 tabulamque
815 765 965 827 ooloribus
988 767 1064 846 uris,

225 855 340 935 Quique
364 856 437 915 laois
460 854 545 915 docta
569 854 664 915 mollia
688 871 756 914 saxa
778 870 885 914 manu.

179 944 257 1004 Mille
281 944 335 1004 dea
358 952 404 1004 est
427 961 572 1021 operum:
605 950 685 1003 certe
713 942 767 1002 dea
796 943 937 1003 carminis
963 941 1012 1004 illa
1034 949 1088 1003 est.

226 1031 257 1092 Si
281 1049 418 1110 mereor,
443 1030 549 1091 studiis
561 1030 649 1091 ‘adsit
671 1031 763 1091 amica
787 1031 879 1090 meis.

115 1131 166 1180 885
182 1119 297 1180 Caelius
321 1137 357 1179 ex
380 1118 438 1178 alto
462 1136 520 1196 qua
542 1135 628 1179 mons
651 1117 805 1182 deseendit
826 1120 859 1178 in
881 1135 1027 1199 aequum,

225 1206 301 1286 llio,
325 1207 377 1267 ubi
399 1224 459 1267 non
482 1206 568 1285 plana
591 1214 659 1287 est,
682 1206 734 1267 sed
758 1224 851 1285 prope
875 1206 961 1285 plana
983 1209 1044 1290 via,

180 1296 273 1357 Parva
296 1295 364 1356 licet
387 1295 486 1356 videas
510 1294 617 1373 Captae
641 1294 762 1356 delubra
785 1294 952 1377 Minervae,

226 1384 307 1455 Quae
331 1384 384 1444 dea
408 1383 497 1444 natali
520 1385 618 1462 eoepit
639 1382 749 1444 hahere
773 1400 845 1445 suo.

180 1472 313 1533 Nominis
337 1475 367 1532 in
391 1471 481 1532 dubio
505 1489 593 1532 eausa
617 1480 684 1532 est.
727 1470 850 1549 capitale
873 1488 1013 1533 vocamus

114 1571 165 1622 840
224 1561 378 1640 Ingenium
402 1559 527 1620 sollers:
559 1562 711 1638 ingeniosa
734 1560 788 1620 dea
811 1565 874 1621 est.

179 1649 223 1709 An
249 1651 316 1728 quia
340 1648 375 1708 de
399 1650 503 1727 capitis
527 1647 621 1708 lertur
644 1649 708 1708 sine
731 1657 825 1709 matre
848 1650 965 1727 paterni

224 1735 340 1804 Vertiee
365 1754 432 1796 oum
455 1735 549 1814 clipeo
573 1735 746 1815 prosiluisse
769 1732 850 1797 suo?

178 1824 223 1884 An
248 1826 315 1903 quia
339 1823 513 1900 perdomitis
536 1824 572 1884 ad
596 1842 650 1884 nos
673 1825 787 1902 captiva
810 1822 933 1885 Faliscis

224 1907 340 1972 Venit?
372 1919 402 1971 et
425 1911 481 1972 hoe
503 1915 602 1990 ipsum
625 1911 722 1972 littera
746 1914 844 1990 prisca
867 1911 971 1974 docet.

114 2011 164 2061 845
179 2000 224 2060 An
249 1999 327 2079 quod
351 1998 440 2058 hahet
462 1998 579 2080 legem,
609 2002 712 2079 eapitis
736 2018 811 2079 quae
834 2001 965 2079 pendere
987 2018 1091 2081 poenas

222 2087 266 2147 Ex
288 2087 338 2147 illo
362 2086 463 2147 iubeat
486 2089 564 2148 furta
587 2095 706 2165 reperta
729 2084 819 2149 loeo?

179 2175 202 2235 Α
227 2193 412 2254 quacumque
436 2175 528 2236 trahis
552 2178 665 2236 ratione
689 2174 852 2257 voeabula,
875 2175 987 2258 Pallas,

223 2262 280 2324 Pro
304 2262 431 2325 dueihus
454 2266 565 2324 nostris
588 2264 689 2342 aegida
713 2282 830 2344 semper
853 2263 945 2327 hehel

425 2401 477 2466 23.
500 2400 528 2465 B
547 2399 765 2466 TVBIL-N³

179 2528 299 2589 Summa
322 2528 386 2589 dies
409 2545 426 2588 e
449 2529 581 2606 quinque
604 2527 690 2588 tuhas
714 2528 840 2590 lustrare
863 2546 986 2591 eanoras

114 2627 165 2677 850
224 2616 369 2677 Admonet
393 2625 423 2677 et
445 2615 515 2675 lorti
538 2616 703 2677 sacrificare
727 2617 816 2679 deae.
903 2640 906 2647 ·

179 2703 265 2764 Nune
288 2713 372 2782 potes
396 2704 432 2765 ad
456 2703 548 2764 solem
571 2701 686 2764 sublato
711 2704 810 2766 dicere
833 2703 915 2767 voltu

224 2787 294 2850 ‘Hie
318 2791 389 2852 here
412 2791 556 2852 Phrixeae
579 2791 687 2853 vellera
710 2796 820 2871 pressit
841 2796 905 2855 ovis
918 2787 941 2854 .’

180 2877 349 2939 Seminibus
372 2882 459 2940 tostis
482 2880 641 2942 8881888188
665 2881 768 2942 lraude
794 2899 937 2942 novercae

224 2965 391 3027 Sustulerat
414 2966 509 3027 nullas
532 2975 566 3028 ut
589 2967 684 3049 solet,
708 2968 800 3030 herba
823 2987 939 3031 eomas.

113 3067 164 3117 855
179 3056 306 3116 Mittitur
329 3054 365 3115 ad
389 3055 520 3134 tripodas
532 3101 541 3135 ‚
566 3066 646 3117 eerta
669 3059 722 3137 qui
744 3065 825 3118 sorte
848 3063 998 3138 reportet,

224 3143 316 3214 Quam
341 3143 435 3204 sterili
458 3150 555 3204 terrae
578 3143 737 3223 Delphicus
760 3147 828 3207 edat
850 3164 955 3225 opem.

179 3231 234 3292 llio
257 3249 376 3311 quoque
400 3239 560 3310 corruptus
583 3251 651 3294 oum
674 3236 809 3316 semine,
832 3236 950 3296 nuntiat
972 3231 1065 3294 llelles

222 3319 261 3379 Et
283 3321 399 3380 iuvenis
422 3319 523 3380 Phrixi
547 3320 651 3382 lunera
674 3329 754 3382 sorte
778 3325 857 3401 peti.

179 3403 276 3484 thue
299 3416 486 3469 recusantem
509 3410 588 3469 81888
613 3415 643 3469 et
665 3417 783 3489 tempus
806 3418 837 3472 et
859 3410 911 3472 luo

112 3504 163 3553 850
223 3493 437 3573 Compulerunt
458 3514 560 3575 regem
582 3499 663 3558 iussa
685 3499 811 3561 nefanda
833 3501 912 3579 pati,
