2386 3892
483 140 503 191 I.
524 143 654 192 33-104.
1003 139 1068 203 215

197 306 263 366 Otia
287 311 367 364 terra
390 304 493 382 ferax,
517 305 575 362 otia
597 310 706 380 pontus
729 303 834 364 habet:

153 393 261 452 Dexter
284 392 354 451 ades
377 391 569 470 patribusque
593 393 653 451 tuis
676 390 844 471 populoque
868 391 1001 474 Quirini,

104 495 138 542 ‘10
196 480 234 539 Et
257 498 358 539 resera
381 488 455 539 nutu
479 479 600 538 candida
625 481 732 558 templa
756 489 824 540 tuo.

152 568 298 645 Prospera
321 567 370 626 lux
394 570 510 626 oritur.
551 566 659 645 linguis
683 570 846 645 animisque
871 567 981 627 iavetel

196 656 281 715 Nunc
305 655 428 714 dicenda
451 654 526 714 bona
550 665 619 714 sunt
642 655 718 715 bona
741 655 828 715 verba
852 656 916 715 die.

152 743 216 803 Lite
239 753 343 803 vacent
367 762 453 802 aures
466 789 475 822 ,
499 745 659 821 insanaque
682 745 817 822 protinus
841 742 937 803 absint

196 831 315 910 lurgia;
339 831 423 890 differ
447 850 543 909 epuS,
565 830 652 890 livida
674 831 761 890 turba
774 878 783 911 ,
807 841 908 892 tuum.

105 932 138 980 15
154 920 279 999 GernlS,
302 920 431 978 odoratis
455 929 488 978 ut
510 918 607 978 luceat
629 919 747 996 ignibus
771 919 890 1000 aether,

197 1007 234 1066 Et
258 1017 342 1067 sonet
366 1009 498 1067 accensis
521 1009 601 1084 spica
624 1007 727 1067 Cilissa
751 1005 850 1068 locis?
924 1054 927 1060 1

153 1096 281 1155 Flamma
305 1098 400 1154 nitore
425 1114 479 1154 suo
504 1095 681 1172 templorum
704 1096 840 1156 verberat
862 1113 984 1176 aurum,

196 1183 234 1242 Et
257 1184 416 1243 tremulum
440 1201 553 1242 summa
577 1187 688 1261 spargit
710 1186 741 1243 in
765 1184 836 1243 aede
860 1184 961 1243 iubar.

154 1270 291 1331 Vestibus
314 1273 432 1330 intactis
456 1269 594 1348 Tarpeias
618 1273 678 1330 itur
700 1273 732 1330 iu
756 1290 856 1351 arces,

105 1372 137 1419 eu
196 1358 234 1418 Et
255 1359 383 1437 populus
407 1360 482 1417 festo
507 1357 645 1418 concolor
668 1360 731 1436 ipse
756 1377 809 1419 suo
834 1365 896 1418 est.

153 1446 272 1524 lamque
292 1450 358 1506 novi
382 1456 526 1523 praeeunt
548 1447 665 1527 fasces,
689 1465 762 1506 nova
785 1464 917 1525 purpura
940 1445 1049 1526 fulget,

197 1534 235 1593 Et
257 1553 331 1594 nova
355 1537 547 1611 conspicuum
570 1534 702 1612 pondera
725 1537 815 1594 sentit
838 1533 929 1593 ebur.

153 1621 231 1681 Colla
255 1624 344 1682 rudes
368 1641 491 1700 operum
514 1622 657 1699 praebent
680 1622 812 1681 ferienda
835 1624 968 1701 iuvenci,

197 1709 277 1779 Quos
300 1710 373 1770 aluit
395 1713 506 1788 campis
529 1710 620 1769 herba
644 1709 756 1770 Falisca
779 1712 858 1770 suis.

104 1810 136 1858 85
151 1797 283 1876 luppiter
307 1818 374 1858 arce
398 1817 450 1858 sua
475 1806 568 1859 totum
592 1818 659 1859 cum
684 1806 797 1878 spectet
820 1801 851 1858 iu
874 1797 976 1858 orbem
984 1844 994 1878 ,

198 1885 245 1944 Nil
268 1888 325 1945 nisi
347 1885 512 1946 Romanum
525 1933 534 1965 ,
559 1887 637 1965 quud
661 1895 801 1966 tueatur,
825 1885 929 1946 habet.

154 1973 259 2053 Salve,
283 1973 359 2033 laeta
382 1975 466 2053 dies,
490 1974 653 2053 meliorque
677 1985 829 2035 revertere
853 1992 985 2055 semper,

189 2063 219 2125 A
243 2061 351 2139 populo
377 2080 477 2121 rerum
501 2064 586 2140 digna
609 2071 731 2141 potente
754 2063 828 2123 ccli.

153 2149 246 2219 Quem
271 2159 369 2209 tamen
393 2169 458 2210 esse
482 2149 570 2210 deum
595 2159 623 2211 te
647 2152 742 2211 dicam
755 2198 763 2230 ,
786 2150 855 2212 lanc
879 2145 1038 2210 biformis?

104 2251 137 2298 90
197 2238 269 2296 Nam
293 2238 347 2297 tibi
370 2257 422 2315 par
446 2239 558 2298 nullum
583 2238 704 2298 Graecia
728 2257 838 2298 numen
860 2238 964 2299 habet.

154 2326 215 2384 Ede
240 2325 327 2385 simul
351 2345 491 2405 causam,
515 2344 569 2386 cur
593 2326 629 2385 de
653 2325 829 2386 caelestibus
854 2344 929 2404 unus

198 2413 301 2492 Sitque
325 2415 403 2492 quod
427 2433 443 2473 a
466 2422 571 2493 tergo,
595 2416 692 2491 sitque
716 2413 795 2491 quod
819 2420 886 2472 ante
899 2460 907 2490 ,
931 2411 1038 2474 rides?

153 2500 231 2561 llaec
255 2520 308 2579 ego
333 2520 401 2563 curn
425 2504 550 2580 sumptis
573 2505 714 2580 agitarem
737 2508 835 2560 mente
858 2499 989 2580 tabellis,

196 2589 336 2649 Lucidior
359 2592 420 2649 visa
444 2599 510 2668 est,
535 2609 622 2669 quam
645 2591 700 2655 luit
723 2595 813 2662 ante,
836 2586 957 2649 domuc.

105 2691 138 2738 95
153 2679 236 2737 Tunc
261 2696 344 2738 sacer
367 2680 489 2755 ancipiti
513 2678 664 2738 mirandus
687 2677 813 2754 imagine
836 2674 923 2736 lanus

197 2765 269 2825 Bina
292 2784 400 2844 repens
424 2766 518 2826 oculis
541 2764 647 2825 obtulit
670 2782 721 2824 ora
743 2766 835 2825 meis.

153 2853 283 2914 Extimui
308 2858 446 2933 sensique
470 2862 551 2914 metu
574 2855 700 2932 riguisse
724 2853 861 2935 capillos,

99 3008 103 3015 ⁴
198 2942 235 3001 Et
259 2942 388 3019 gelidum
412 2942 509 3001 subito
534 2943 642 3020 frigore
665 2950 770 3020 pectus
794 2950 873 3003 erat.

153 3029 203 3089 llle
227 3038 333 3089 tenens
357 3030 494 3090 baculum
517 3031 619 3090 deutra
642 3030 812 3109 clavemque
836 3031 955 3090 sinistra

88 3131 137 3177 100
197 3117 297 3177 Edidit
320 3119 373 3177 bos
397 3119 482 3178 nobis
506 3137 557 3178 ore
580 3121 679 3198 priore
703 3138 808 3178 sonos:

154 3202 256 3265 ‘Disce
281 3216 361 3265 metu
385 3210 503 3285 pusitc,
527 3216 607 3266 vates
630 3225 754 3284 operose
778 3205 910 3285 dierum,

199 3293 283 3363 Quod
307 3296 406 3374 petis,
430 3304 460 3355 et
482 3312 570 3354 voces
593 3297 712 3372 percipe
737 3298 833 3351 mente
858 3309 954 3350 meas.

153 3381 199 3440 Me
219 3381 314 3441 Chaos
333 3385 445 3458 antiqui
463 3400 580 3441 —nam
600 3398 665 3439 sum
684 3399 733 3439 res
752 3380 849 3457 prisca
863 3412 899 3420 —
912 3377 1068 3439 vocabant.

197 3471 325 3550 Aspice,
350 3488 436 3547 quam
460 3469 540 3547 longi
563 3470 704 3544 temporis
728 3474 792 3527 acta
815 3484 936 3529 canam.
