2386 3892
463 196 511 247 111.
530 200 652 249 11-69.
1016 198 1058 262 39

138 361 321 440 Conspicuos
345 367 446 438 postes
469 366 605 438 tectaque
630 359 716 438 digna
740 359 812 421 deo.

89 463 123 511 35
138 446 185 510 ‘Et
215 449 295 509 lovis
329 442 414 508 haec’
446 447 507 506 diri
539 443 656 510 ‘domus
692 443 777 508 est?'
816 449 894 528 quod
927 458 961 511 ut
993 469 1058 513 esse

562 543 713 616 putarem,

136 627 304 704 Augurium
327 625 420 684 menti
443 641 554 701 querna
579 642 687 684 corona
711 623 815 685 dabat.

139 713 230 773 Cuius
253 722 288 773 ut
311 714 413 790 accepi
436 712 609 790 dominum,
633 708 709 772 ‘Non
732 709 887 794 fallimur',
910 717 1030 793 inquam

138 797 188 861 ‘Et
211 803 309 879 magni
333 817 435 860 verum
460 807 505 860 est
527 800 602 860 hanc
624 799 701 860 lovis
725 819 790 860 esse
815 801 952 866 domum.

138 889 199 949 Cur
222 897 322 948 tamen
345 890 480 966 opposita
503 887 617 948 velatur
639 891 725 949 ianua
749 889 849 970 lauro,

87 991 123 1036 40
139 976 238 1054 Cingit
261 984 292 1036 et
315 984 453 1054 augustas
477 975 564 1037 arbor
588 993 677 1054 opaea
700 975 824 1039 comas?

137 1065 216 1124 Num
240 1067 309 1143 quia
332 1073 492 1144 perpetuos
516 1066 625 1124 meruit
649 1065 753 1125 domus
776 1068 831 1127 ista
855 1067 1040 1147 triumphos,

137 1153 183 1212 Au
208 1155 277 1231 quia
300 1151 447 1213 Leucadio
471 1169 588 1230 semper
611 1161 704 1213 amata
728 1153 783 1213 deo
807 1163 870 1235 est,

137 1241 243 1320 lpsane
268 1240 346 1318 quod
370 1241 444 1301 festa
468 1249 514 1300 est
527 1288 535 1321 ,
558 1258 595 1301 an
619 1241 698 1319 quod
722 1241 792 1301 iacit
815 1244 912 1302 omnia
936 1240 1036 1304 testa?

139 1329 233 1399 Quam
257 1327 364 1389 tribuit
386 1330 498 1408 terris,
522 1330 602 1406 pacis
627 1346 663 1388 an
687 1330 742 1388 ista
766 1338 834 1388 nota
858 1326 929 1390 est?

86 1430 121 1476 45
138 1417 235 1496 thue
259 1418 336 1476 viret
359 1434 476 1495 semper
499 1416 600 1477 laurus
624 1434 679 1476 nec
703 1415 807 1475 fronde
832 1416 941 1477 caduca

139 1505 300 1583 Carpitur,
323 1514 477 1565 aeternum
501 1507 543 1564 sic
567 1503 655 1564 habet
678 1503 726 1563 iila
749 1500 867 1564 decus?

138 1593 232 1652 Causa
256 1595 460 1671 superpositae
485 1595 595 1670 scripto
620 1600 724 1653 testata
748 1610 873 1652 coronae
898 1600 958 1655 est:

139 1680 277 1740 Servatcs
301 1682 380 1740 cives
403 1681 513 1741 indicat
536 1681 624 1741 huius
648 1699 720 1758 ope.

138 1769 228 1829 Adice
253 1771 377 1828 servatis
400 1787 515 1848 unum,
539 1777 623 1846 pater
646 1770 779 1848 optime,
803 1771 915 1850 civem,

89 1868 123 1916 50
140 1856 198 1926 Qui
220 1856 327 1936 procul
350 1865 481 1917 extremo
505 1855 608 1935 pulsus
632 1858 661 1916 in
686 1858 757 1916 orbe
781 1857 869 1938 latet,

139 1943 170 2003 ln
196 1963 254 2023 quo
278 1961 462 2024 poenarum,
487 1963 559 2023 quas
583 1962 614 2004 se
638 1946 782 2004 meruisse
806 1945 932 2024 fatetur,

140 2031 203 2092 Non
227 2032 342 2092 iacinus
366 2049 506 2113 causam,
529 2032 580 2093 sed
605 2050 677 2092 suus
701 2049 786 2092 error
809 2032 915 2092 habet.

140 2119 184 2179 Me
208 2118 368 2180 miserum!
394 2137 557 2198 vereorque
581 2119 677 2181 locum
700 2137 864 2198 vereorque
888 2127 1057 2198 potentem,

140 2207 176 2266 Et
200 2209 332 2286 quatitur
356 2207 472 2287 trepido
496 2209 593 2268 littera
617 2217 718 2269 nostra
742 2215 840 2269 metu.

92 2308 126 2356 55
140 2296 254 2374 Aspicis
279 2299 405 2374 exangui
428 2296 557 2357 chartam
581 2295 689 2374 pallere
714 2292 839 2356 colore?

140 2383 254 2462 Aspicis
278 2382 407 2444 alternos
429 2385 619 2445 intremuisse
642 2380 759 2460 pedes?

141 2470 415 2552 Quandocumque,
439 2490 568 2552 precor,
591 2477 694 2530 nostro
717 2470 834 2548 placere
857 2473 973 2549 parenti

140 2557 235 2619 isdem
260 2566 290 2620 et
312 2559 367 2621 sub
391 2560 518 2621 dominis
542 2560 684 2637 aspiciare
710 2553 843 2617 domust’

139 2644 209 2706 lude
233 2655 337 2708 tenore
361 2650 424 2726 pari
447 2648 587 2727 gradibus
611 2645 747 2707 sublimia
771 2644 858 2705 celsis

96 2733 242 2794 coliucor
271 2735 306 2796 ad
330 2738 440 2797 intonsi
464 2736 586 2797 candida
611 2733 719 2812 templa
743 2734 810 2815 dei,

142 2821 228 2900 Signa
252 2826 418 2902 peregrinis
441 2824 493 2884 ubi
516 2832 586 2884 sunt
609 2823 720 2884 alterna
745 2823 908 2903 columnis,

140 2909 257 2970 Belides
281 2919 311 2971 et
335 2914 438 2972 stricto
462 2910 606 2973 barbarus
630 2930 699 2972 ense
724 2924 825 2994 pater,

141 2997 282 3077 Quaeque
306 3001 362 3059 viri
385 3000 471 3060 docto
495 3008 610 3060 veteres
634 3019 740 3080 cepere
764 3004 892 3078 novique

141 3084 287 3168 Pectore,
310 3085 432 3148 lecturis
455 3089 638 3167 inspicienda
661 3098 781 3167 patent.

93 3185 127 3232 65
143 3173 325 3242 Quaerebam
349 3176 456 3235 iratres
469 3222 478 3256 ‚
502 3179 633 3255 exeeptis
657 3176 771 3237 scilicet
793 3175 868 3252 iliis,

127 3261 222 3330 Quos
246 3280 319 3323 suus
343 3271 459 3341 optaret
481 3282 540 3324 non
564 3267 701 3343 genuisse
725 3271 826 3341 pater.

143 3348 340 3418 Quaereutem
359 3351 471 3412 frustra
494 3361 595 3414 custos
619 3370 635 3411 e
659 3350 779 3410 sedibus
802 3348 860 3409 illis

143 3435 333 3516 Praepositus
357 3450 458 3501 sancto
481 3442 568 3501 iussit
591 3438 672 3498 abire
696 3437 779 3498 loco.

144 3524 240 3586 Aitera
265 3526 373 3604 templa
397 3535 487 3606 peto,
511 3530 606 3587 vicino
630 3527 729 3586 iuncta
754 3524 888 3586 theatro:

211 3812 250 3851 ..Δ
