2386 3892
139 181 179 245 38
554 177 725 230 rursrmn

225 342 286 404 Nec
310 344 387 402 sinet
409 340 457 401 ille
480 349 548 401 tuos
571 340 641 401 litus
665 356 748 399 arare
771 338 880 400 boves.

226 430 283 490 Fac
307 428 415 508 modo,
444 436 613 489 constanter
636 428 794 506 profugum
818 425 942 488 tuearel
973 427 1052 506 quod
1074 427 1140 508 ille,

178 530 211 579 50
227 517 284 589 Qui
306 516 381 578 bene
407 524 434 578 tc
458 518 561 599 novit,
584 533 644 576 non
667 521 774 596 rogat,
797 515 861 593 ipsa
884 533 974 594 rogo.

617 706 658 780 V.

226 867 350 926 Annuus
374 864 528 926 adsuetum
551 865 685 924 dominae
708 864 812 926 natalis
835 863 979 926 honorem

227 953 346 1032 Exigit:
369 955 409 1013 ite
432 971 535 1013 manus
559 952 594 1011 ad
618 955 666 1031 pia
689 970 772 1014 sacra
794 951 894 1013 menei

229 1041 278 1101 Sic
302 1040 448 1118 quondam
473 1040 581 1099 festum
603 1038 738 1101 Laertius
761 1047 862 1118 egerat
884 1039 974 1100 heros

227 1128 338 1188 Forsan
361 1129 393 1188 in
416 1133 547 1186 extremo
572 1129 706 1205 coniugis
729 1127 800 1187 orbe
824 1127 919 1194 diem.

197 1215 341 1292 5Lingua
364 1216 464 1274 favens
487 1216 577 1294 assit,
600 1223 772 1275 nostrorum
794 1213 883 1274 oblita
905 1212 1061 1290 malorum,

228 1303 331 1383 Quae,
354 1310 448 1383 puto,
471 1301 611 1363 dedidicit
633 1304 691 1362 iam
712 1301 789 1363 bona
812 1301 900 1361 verba
923 1300 1022 1381 loqui;

228 1391 368 1469 Quaeque
392 1389 484 1450 semel
505 1397 566 1450 toto
590 1392 679 1450 vestis
702 1389 775 1450 mihi
798 1391 925 1451 sumitur
949 1406 1043 1468 auno,

230 1479 369 1539 Sumatur
393 1479 459 1537 latis
484 1477 610 1538 discolor
633 1477 697 1536 alba
719 1479 811 1557 meis5

229 1565 345 1643 Araque
369 1567 518 1643 gramineo
541 1565 642 1624 viridis
666 1565 702 1624 dc
726 1566 854 1643 caespite
877 1564 947 1645 fiat,

181 1667 214 1715 10
228 1653 267 1712 Et
289 1652 364 1712 velet
387 1651 501 1730 tepidos
525 1669 599 1711 nexa
622 1670 730 1712 corona
753 1652 852 1713 locos.

228 1741 270 1800 Da
293 1739 365 1799 mihi
388 1747 477 1817 tura,
500 1757 597 1819 puer,
619 1742 744 1818 pingues
768 1740 904 1800 facientia
926 1737 1075 1818 flammas,

229 1827 372 1905 Quodque
395 1828 443 1904 pio
467 1826 567 1886 lusum
590 1827 694 1887 stridat
717 1830 748 1887 in
771 1829 856 1906 igne,
880 1843 1012 1887 merum.

229 1914 345 1994 Optime
368 1912 494 1993 Natalis,
518 1916 650 1992 quamvis
673 1914 777 1993 procul
800 1914 963 1995 absumus,
985 1921 1055 1993 opto

228 2002 375 2063 Candidus
397 2000 456 2061 huc
479 2003 578 2062 venias
601 2001 809 2080 dissimilisque
833 2019 917 2082 meo;

182 2101 214 2151 15
230 2090 262 2150 Si
285 2088 363 2168 quod
387 2096 417 2149 ct
439 2088 566 2149 instabat
589 2088 723 2150 dominae
747 2088 914 2149 miserabile
937 2087 1060 2169 vulnus,

229 2177 273 2238 Sit
295 2177 450 2255 perfuncta
473 2179 547 2236 meis
570 2184 686 2255 tempus
709 2178 740 2237 in
763 2194 850 2236 omne
872 2175 976 2256 malis3

229 2265 368 2342 Quaeque
388 2265 469 2342 gravi
482 2282 578 2343 nuper
591 2264 658 2342 plus
673 2282 761 2343 quam
779 2272 915 2342 quassata
933 2262 1063 2342 procella
1081 2273 1142 2344 est,

229 2352 313 2422 Quod
337 2358 494 2431 superest,
518 2359 616 2412 tutum
638 2370 692 2430 per
715 2369 795 2412 mare
819 2353 901 2411 navis
924 2349 988 2412 eatl

227 2440 277 2500 Illa
301 2440 387 2501 domo
411 2447 536 2518 nataque
561 2458 614 2500 sua
636 2441 790 2517 patriaque
814 2440 930 2499 truatur
956 2470 994 2482 —

180 2540 213 2589 20
228 2529 336 2608 Erepta
358 2528 431 2589 haec
455 2529 507 2588 uni
531 2529 569 2587 sit
591 2528 662 2586 satis
686 2545 750 2587 esse
774 2526 847 2586 mihi
872 2557 909 2570 -—

228 2616 379 2686 Quatenus
403 2623 434 2675 et
455 2633 515 2675 nou
538 2621 585 2675 est
606 2616 637 2674 in
661 2632 729 2674 caro
753 2617 878 2693 coniuge
901 2612 988 2695 felix,

228 2703 300 2762 Pars
323 2705 397 2763 vitae
421 2704 500 2762 tristi
523 2709 622 2762 cetera
644 2701 723 2762 nube
746 2710 846 2763 vacet.

228 2788 310 2849 Vivat
337 2797 473 2867 ametque
496 2791 609 2871 virum,
633 2792 770 2867 quoniam
793 2790 837 2850 sic
861 2790 995 2868 cogitur,
1017 2785 1139 2864 absens,

228 2876 446 2955 Consumatque
469 2892 583 2956 annos,
607 2878 659 2937 sed
682 2878 843 2957 diuturna,
866 2894 954 2936 suos.

178 2977 212 3026 25
227 2965 403 3044 Adicerem,
427 2972 458 3026 et
481 2972 621 3026 nostros.
658 2965 709 3025 sed
734 2983 770 3025 ne
794 2966 929 3042 contagia
951 2964 1005 3025 rott

228 3053 427 3131 Corrumpunt
449 3053 561 3134 timeo,
585 3071 659 3131 quos
683 3054 743 3130 agit
764 3054 849 3132 ipsa,
871 3052 948 3113 mei.

227 3141 273 3201 Nil
296 3141 408 3201 homini
432 3148 546 3201 certum
570 3149 637 3201 est.
674 3141 740 3200 fieri
763 3142 829 3219 quis
851 3157 940 3219 posse
963 3144 1096 3218 putaret,

227 3229 266 3290 Ut
288 3230 416 3289 lacerem
440 3231 471 3289 in
494 3228 599 3288 mediis
622 3229 695 3289 haec
719 3247 772 3307 ego
797 3246 880 3289 sacra
903 3223 1011 3288 Getis?

227 3316 355 3398 Aspice,
379 3324 412 3377 ut
434 3333 505 3377 aura
528 3324 626 3377 tamen
650 3318 746 3377 lumos
770 3334 786 3376 e
810 3323 877 3376 ture
901 3322 1020 3375 coortos

180 3417 213 3465 30
227 3403 262 3462 ln
284 3413 382 3481 partes
406 3404 491 3464 ltalas
516 3412 546 3466 et
568 3404 631 3465 loca
655 3404 758 3464 dextra
781 3401 873 3463 serati

229 3489 341 3550 Sensus
364 3493 442 3553 inest
464 3493 555 3570 igitur
578 3490 717 3571 nebulis,
741 3507 813 3569 quas
836 3491 928 3568 exigit
949 3489 1041 3568 ignls:
