2386 3892
364 210 367 215 ·
413 197 448 249 11.
467 207 519 248 nn
532 199 624 248 21-11
639 199 681 250 07.
984 194 1048 260 153

136 358 315 438 ingenioque
338 376 426 438 meu,
449 378 523 420 1000
547 359 625 437 quod
648 376 778 438 paupere
800 367 917 439 manat,

176 446 317 525 Plaudis,
341 454 371 514 et
394 465 410 506 e
433 448 496 507 1110
519 447 641 507 flumina
663 464 767 524 magna
791 447 884 508 1001οι

135 535 221 595 Grata
244 533 364 612 quidem
387 543 457 595 sunt
480 534 552 596 haec
576 537 672 595 animo
696 536 834 613 suffragia
855 542 975 614 nostro,

177 621 230 683 Vix
254 621 312 682 sibi
334 640 402 683 cum
424 624 550 683 miseros
572 640 659 702 posse
682 622 797 703 placere
820 630 925 702 putas.

88 711 209 771 1111001
232 712 385 770 tamenin
408 710 499 771 rebus
523 719 700 790 temptamus
724 713 852 771 carmina
876 712 990 792 parvis,

177 798 316 859 Materiae
339 798 442 876 gracili
465 798 575 858 suflicit
596 800 765 876 ingenium:

133 886 256 966 Nuper,
279 894 313 946 ut
335 885 394 946 huc
416 888 515 964 magni
536 888 672 965 pervenit
694 886 769 945 lama
793 883 952 964 triumphi,

176 976 276 1034 Ausus
299 991 365 1034 sum
388 981 485 1034 tentae
509 991 627 1034 sumere
649 973 736 1033 molis
759 991 850 1051 opus.

134 1061 241 1125 Obruit
263 1061 420 1122 audentem
443 1079 543 1122 rerum
567 1063 753 1140 gravitasque
776 1064 933 1140 nitorque,

89 1163 120 1210 30
176 1149 238 1209 Nec
261 1151 346 1229 potui
369 1152 466 1228 ccepti
489 1149 619 1228 pondera
642 1150 721 1210 lerre
744 1151 819 1208 mei.

134 1236 195 1297 lllic
220 1255 307 1315 quam
331 1236 433 1297 laudes
445 1283 454 1315 ,
478 1240 536 1296 erit
558 1237 689 1296 officiosa
711 1236 863 1297 voluntas:

179 1325 285 1385 Cetera
308 1327 430 1385 materia
454 1323 604 1385 debilitata
626 1326 741 1385 iacent.

135 1412 191 1481 Qui
215 1415 241 1472 si
264 1412 340 1473 10110
362 1411 438 1472 liber
462 1420 575 1472 vestras
597 1410 790 1491 pervenitad
814 1426 919 1490 aures,

177 1499 335 1579 Tutelam,
358 1498 487 1579 mando,
510 1501 618 1560 sentiat
639 1499 689 1559 ille
711 1505 808 1559 tuam.

89 1585 196 1647 3οΗοο
219 1586 274 1647 tibi
297 1587 434 1668 lecturo,
457 1587 503 1648 vel
526 1590 552 1648 si
576 1606 635 1648 non
657 1590 720 1666 ipse
743 1604 897 1667 rogarem,

177 1674 306 1736 Accedat
328 1675 466 1736 cumulus
488 1678 581 1754 gratia
604 1686 705 1736 nostra
728 1675 817 1736 levis.

135 1762 199 1822 Non
223 1781 278 1842 ego
300 1763 484 1843 laudandus,
507 1762 559 1824 sed
583 1774 653 1825 sunt
674 1775 725 1824 tua
748 1771 887 1843 pectora,
910 1761 1048 1826 lacteae

178 1849 216 1911 Et
238 1869 298 1911 non
322 1850 431 1913 calcata
454 1852 623 1912 candidiora
645 1854 729 1913 nire:

135 1937 310 2016 Mirarisque
334 1939 429 2019 alius,
452 1958 520 2001 cum
544 1942 585 2000 sis
608 1938 750 2000 mirabilis
772 1942 856 2017 ipse,

91 2038 121 2086 lc
178 2026 240 2086 Nec
263 2027 373 2089 lateant
395 2037 474 2088 artes
497 2027 706 2106 eloquiumque
730 2037 831 2087 tuum.

136 2115 177 2175 Te
201 2117 341 2175 luvenum
364 2117 526 2195 princepe,
549 2118 598 2176 cui
620 2115 670 2176 dat
693 2114 849 2176 Germania
871 2130 996 2191 nomen,

177 2202 354 2281 Participem
379 2203 470 2264 studii
492 2203 599 2265 Caesar
622 2202 731 2262 hahere
755 2201 846 2261 solet.

137 2290 181 2351 Tu
206 2308 306 2351 001000
329 2294 492 2369 antiquus,
515 2300 548 2351 tu
571 2292 675 2368 primis
697 2292 817 2349 iunctus
840 2287 876 2348 ab
900 2289 984 2348 annis

180 2377 301 2456 lngenio
324 2397 423 2438 mores
446 2381 656 2456 aequiperante
679 2376 793 2453 places.

92 2465 177 2526 41Το
201 2466 317 2526 dicente
341 2469 425 2545 prius
452 2467 485 2526 nt
507 2467 643 2545 protinus
665 2464 794 2540 impetus
816 2460 875 2521 illi:

181 2553 284 2633 Teque
307 2554 417 2634 hahet,
441 2553 540 2614 elicias
564 2555 615 2631 qui
638 2568 691 2612 sua
715 2548 802 2609 verba
825 2548 901 2608 tuis.

138 2640 210 2701 Cum
233 2650 266 2702 tu
290 2642 393 2703 desisti
415 2641 608 2719 mortaliaque
631 2657 682 2700 ora
705 2639 867 2717 quierunt,

181 2729 329 2807 Tectaque
353 2747 413 2790 nun
436 2729 521 2808 longa
545 2730 715 2790 conticuere
738 2743 840 2805 mura,

140 2816 241 2895 Surgit
263 2816 345 2878 111100
367 2819 483 2878 iuvenis
506 2819 679 2895 cognomine
703 2815 827 2894 dignus,

92 2914 122 2963 50
181 2903 282 2975 Qualis
305 2905 427 2968 abacis
450 2905 556 2965 lucifer
579 2913 663 2965 ortus
686 2906 787 2984 aquis.

137 2991 272 3070 Dumque
297 2993 387 3054 silens
410 2994 527 3071 adstat,
554 2999 649 3054 status
677 3001 723 3054 est
749 2991 908 3070 vultusque
931 2989 1052 3067 diserti,

182 3080 331 3158 Spemque
355 3081 464 3142 decens
487 3080 590 3142 doctae
613 3083 693 3141 vocis
717 3082 841 3141 amictus
863 3075 968 3137 habet.

139 3167 229 3247 Mox,
252 3167 304 3229 uhi
327 3169 410 3247 pulsa
429 3187 510 3230 mora
529 3176 575 3230 est
593 3177 680 3248 atque
704 3185 738 3228 os
757 3164 883 3226 caeleste
906 3163 1052 3242 solutum,

182 3255 246 3316 Hoc
270 3275 394 3335 superos
417 3260 499 3318 iures
521 3274 604 3317 more
628 3255 723 3316 solere
745 3253 844 3330 loqui,

95 3350 127 3402 15
141 3344 237 3421 rltquc
261 3340 350 3406 ‘haec
373 3340 433 3406 est'
457 3344 537 3406 dicas
561 3340 712 3403 ‘facundia
734 3341 869 3418 principe
893 3337 1009 3417 digna':

181 3429 307 3511 Eloquio
330 3442 443 3494 tantum
467 3430 628 3492 nobilitatis
650 3430 744 3489 inest.
785 3456 788 3460 ·

138 3517 215 3580 Huic
238 3528 271 3581 tu
296 3539 363 3583 cum
386 3521 501 3601 placeas
524 3527 554 3579 01
577 3518 687 3577 vertice
709 3515 807 3576 sidera
829 3522 947 3594 tangas,
