2386 3892
92 171 156 236 174
499 169 685 227 nxrouuo

224 334 374 414 Discipulo
398 335 474 413 perii
498 332 578 393 solus
602 332 638 392 ab
661 334 724 410 ipse
749 350 830 392 meo.

180 424 255 484 Dum
279 423 382 502 damnis
406 440 485 481 arma
509 420 563 481 tibi
577 467 585 499 ,
609 421 679 480 dum
703 427 754 500 te,
782 420 890 480 lascive
904 467 912 497 ‚
940 419 1099 502 docemus,

224 510 303 570 Haec
326 519 355 570 te
379 509 524 588 discipulo
549 510 623 568 dona
647 511 788 586 magister
810 507 917 569 babet.

182 599 246 659 Scis
270 608 390 677 tamen,
414 597 581 679 utliquido
605 599 720 657 iuratus
744 596 842 656 dicere
866 598 982 678 possis,

133 700 166 748 50
225 686 289 747 Non
313 705 359 745 me
383 685 529 764 legitimos
553 684 725 745 sollicitasse
749 691 848 745 toros.

182 775 361 853 Scripsimus
385 774 457 833 baec
480 772 559 847 illis,
584 792 709 852 quarum
733 790 787 833 nec
811 774 882 833 vitta
904 772 1031 854 pudicos

225 863 375 940 Contingit
398 865 496 922 crines
508 872 524 942 ,‘
541 879 597 921 nec
620 861 695 921 stola
717 860 803 939 longa
826 862 934 939 pedes.

181 951 255 1030 llic,
279 968 407 1030 precor,
432 949 583 1028 ecquando
608 949 736 1010 didicisti
760 948 860 1009 lallero
884 957 993 1028 nuptas

176 1117 178 1122 s
225 1038 263 1099 Et
287 1039 384 1098 facere
407 1041 554 1098 incertum
578 1055 632 1116 per
655 1055 719 1098 mea
742 1039 822 1098 iussa
845 1035 967 1116 genus?

133 1139 165 1188 55
180 1128 225 1186 An
250 1128 288 1187 sit
312 1126 347 1186 ab
370 1126 416 1186 bis
440 1129 535 1185 omnis
558 1125 652 1204 rigide
677 1132 822 1185 summota
846 1124 971 1206 libellis,

226 1215 320 1285 Quam
343 1213 390 1274 lex
414 1215 538 1274 furtivos
562 1222 643 1274 arcet
665 1211 774 1274 babere
799 1210 906 1274 viros?

182 1303 259 1374 Quid
283 1311 381 1363 tamen
405 1303 461 1362 boc
484 1301 627 1382 prodest,
651 1303 734 1362 vetiti
757 1303 783 1361 si
805 1301 870 1379 lege
887 1319 998 1364 ‚severa

226 1392 337 1452 Credor
361 1391 498 1452 adulterii
521 1392 721 1470 composuisse
745 1386 861 1466 notas?

181 1481 218 1540 At
241 1489 291 1540 tu:
315 1481 357 1540 sic
381 1479 489 1539 babeas
513 1479 654 1539 lerientes
678 1486 785 1538 cuncta
808 1479 946 1557 sagittas,

134 1581 167 1629 60
227 1567 276 1628 Sic
300 1585 460 1646 numquam
484 1566 585 1645 rapido
609 1566 757 1644 lampades
779 1568 847 1644 igne
871 1574 994 1628 vacent:

183 1655 232 1715 Sic
257 1665 339 1732 regat
361 1657 520 1734 imperium
543 1664 697 1732 terrasque
721 1660 858 1714 coerceat
881 1672 984 1715 omnes

226 1743 354 1821 Caesar,
378 1742 414 1802 ab
437 1743 535 1803 Aenea
559 1753 605 1803 est
628 1744 680 1821 qui
703 1741 756 1803 tibi
780 1742 871 1802 lratre
894 1749 983 1804 tuus:

181 1830 297 1909 Effice,
321 1833 359 1890 sit
381 1831 466 1890 nobis
490 1849 549 1890 non
572 1829 753 1908 inplacabilis
777 1831 839 1909 ira,

226 1919 332 1997 Meque
356 1917 420 1978 loco
444 1918 534 1997 plecti
558 1917 756 1979 commodiore
780 1917 849 1978 velit
858 1913 877 1978 .'

135 2019 167 2068 65
183 2007 261 2067 llaec
286 2025 339 2085 ego
364 2009 444 2067 visus
468 2024 548 2066 eram
572 2025 665 2086 puero
689 2007 798 2066 dixisse
821 2005 951 2067 volucri.
1055 2018 1095 2070 (⁸⁷)

228 2095 288 2154 Hos
312 2096 392 2154 visus
416 2094 501 2154 nobis
524 2095 571 2154 ille
596 2094 712 2174 dedisse
736 2111 842 2155 sonos:

185 2179 258 2242 ‘Per
281 2200 344 2242 mea
369 2181 449 2263 tela,
473 2184 551 2243 laces
576 2191 605 2242 et
627 2201 681 2261 per
704 2200 769 2242 mea
792 2180 872 2262 tela,
895 2183 1034 2264 sagittas,

227 2271 284 2331 Per
307 2278 432 2331 matrem
455 2273 520 2331 iuro
545 2270 780 2349 Caesareumque
804 2277 910 2350 caput,

182 2358 229 2420 Nil
253 2361 309 2419 nisi
333 2377 506 2420 concessum
526 2377 581 2419 nos
604 2367 632 2419 te
657 2358 795 2418 didicisse
818 2361 977 2439 magistro,

136 2460 168 2509 ‘10
228 2447 349 2508 Artibus
373 2456 403 2508 et
427 2448 539 2508 nullum
563 2449 675 2507 crimen
698 2449 796 2506 inesse
819 2448 896 2507 tuis.

183 2535 280 2615 thue
304 2537 360 2597 boc
373 2583 382 2617 ,
406 2539 449 2597 sic
472 2539 584 2597 utinam
608 2534 767 2594 defendere
791 2541 891 2595 cetera
913 2533 1035 2613 possesl

229 2625 293 2685 Scis
317 2624 395 2685 aliud
408 2671 417 2704 ,
441 2623 519 2703 quod
542 2634 571 2684 te
594 2623 734 2703 laeserit,
758 2640 823 2683 esse
836 2669 846 2703 ,
869 2625 979 2701 magis.

185 2712 333 2790 Quidquid
351 2711 381 2771 id
401 2722 466 2791 est,
484 2729 581 2790 neque
601 2713 679 2779 enim
694 2710 782 2770 debet
796 2709 880 2770 dolor
898 2713 962 2789 ipse
982 2711 1096 2789 referri,

228 2800 293 2859 Non
317 2808 402 2877 potes
426 2819 441 2859 a
465 2801 550 2879 culpa
574 2799 672 2859 dicere
697 2798 799 2858 abesse
823 2807 891 2859 tua.

138 2899 170 2948 75
185 2888 231 2948 Tu
254 2887 323 2947 licet
347 2888 457 2947 erroris
481 2887 536 2947 sub
560 2890 685 2966 imagine
710 2889 822 2947 crimen
845 2885 1024 2969 obumbres,

229 2975 294 3035 Non
318 2977 433 3054 gravior
457 2977 561 3035 merito
585 2976 709 3035 vindicis
731 2977 775 3034 ira
798 2975 871 3037 fuit.

186 3064 223 3124 Ut
246 3073 344 3124 tamen
368 3065 530 3142 aspicerem
554 3063 782 3141 consolarerque
805 3064 969 3143 iacentem,

230 3152 323 3232 Lapsa
346 3170 400 3231 per
423 3153 571 3211 inmensas
595 3161 640 3212 est
664 3169 728 3210 mea
750 3152 839 3230 pinna
862 3152 942 3210 rias.

185 3239 263 3301 Haec
287 3241 350 3300 loca
374 3248 445 3300 tunc
468 3242 597 3319 primum
620 3240 679 3299 vidi
692 3286 701 3318 ,
727 3256 795 3298 curn
817 3247 912 3299 matre
935 3243 1056 3317 rogante

138 3336 171 3386 80
230 3329 351 3388 Phasias
375 3336 420 3388 est
443 3329 510 3388 telis
532 3328 588 3387 lixa
612 3325 708 3406 puella
732 3328 823 3387 meis,

187 3412 267 3483 Quae
292 3435 346 3476 cur
369 3434 448 3476 nunc
471 3418 579 3476 iterum
603 3422 671 3493 post
694 3413 810 3474 saecula
832 3413 919 3492 longa
942 3414 1079 3490 revisam,

231 3502 275 3563 Tu
300 3504 394 3583 lacis,
418 3521 435 3562 o
460 3505 564 3564 castris
587 3503 672 3563 miles
696 3504 788 3562 amico
812 3503 903 3563 meis.
