2386 3892
91 181 135 246 52
505 179 676 231 rnrsrruu

179 346 256 406 Dum
278 344 428 423 trepidant
450 343 586 422 Minyae,
609 342 679 403 dum
704 343 827 405 solvitur
850 360 958 422 aggere
981 343 1073 422 lunis,

180 434 257 494 Dum
280 435 415 511 sequitur
439 432 551 492 celeres
574 449 682 491 ancora
704 439 800 492 tracta
821 448 946 511 manus,

133 533 165 582 15
181 520 306 583 Conscia
328 522 476 599 percussit
500 521 674 580 meritorum
697 527 818 597 pectora
842 518 959 580 Colchis

180 610 259 670 Ausa
282 616 370 687 atque
393 624 500 668 ausura
523 606 616 668 multa
638 606 763 668 nefanda
786 623 897 688 manu3

180 696 240 776 Et,
264 713 441 776 quamquam
464 703 602 775 superest
623 697 729 773 ingens
751 694 873 755 audacia
896 697 1006 776 menti,

180 784 277 845 Pallor
298 787 330 845 in
353 785 493 845 attonitae
516 784 639 860 virginis
661 800 714 843 ore
737 784 810 843 luit.

180 872 258 950 Ergo
282 871 335 932 ubi
356 873 509 950 prospexit
531 873 679 931 venientia
701 870 781 951 vela,
805 867 968 932 ‘Tenemur
975 915 985 951 ,

132 972 167 1020 20
181 960 220 1019 Et
241 967 328 1038 pater
350 967 396 1018 est
418 957 515 1039 aliqua
537 958 640 1019 fraude
664 954 836 1019 morandus’
860 961 919 1022 ait.

180 1046 257 1107 Dum
281 1046 351 1125 quid
366 1054 447 1124 agat,
468 1048 602 1126 quaerit,
620 1046 690 1107 dum
704 1055 804 1106 versat
820 1049 853 1107 in
872 1049 970 1107 omnia
983 1046 1080 1124 vultus,

181 1135 225 1194 nd
249 1136 370 1195 lratrcm
394 1153 464 1195 casu
487 1134 597 1194 lumina
619 1134 694 1194 flexa
717 1134 802 1197 tulit.

182 1222 273 1283 Cuius
297 1230 331 1283 ut
353 1221 450 1283 obluta
469 1231 519 1283 'est
540 1224 728 1302 praesentia,
752 1218 906 1284 ‘Vicimus'
929 1223 1038 1302 inquit:

182 1305 248 1371 ‘Hic
263 1311 344 1371 ‘milri
365 1319 461 1371 morte
483 1328 537 1371 sua
560 1327 648 1371 censa
670 1309 774 1371 salutis
798 1305 876 1371 erit'

132 1410 166 1458 25
180 1398 320 1460 Protinus
343 1401 438 1477 ignari
460 1414 516 1459 nec
539 1400 698 1478 quicquam
719 1399 777 1459 tale
800 1401 933 1460 timentis

181 1485 345 1547 innocuum
368 1487 462 1564 rigido
486 1487 618 1564 perforat
641 1504 712 1547 ense
734 1486 830 1567 latus,

181 1573 277 1652 Atque
300 1577 341 1634 lta
364 1573 496 1654 divellit,
519 1574 690 1652 divulsaque
713 1574 846 1637 membra
868 1593 923 1654 per
945 1591 1025 1654 agros

182 1661 311 1739 Dissipat
333 1664 363 1721 in
386 1661 488 1721 multis
510 1662 685 1723 invenienda
707 1662 798 1724 locis.

182 1748 246 1809 Nou
268 1756 353 1826 pater
376 1751 514 1827 ignoret,
537 1749 658 1829 scopulo
681 1753 821 1831 proponit
842 1752 874 1811 ln
897 1751 955 1812 alto

133 1849 167 1897 30
182 1836 387 1915 Pallentesque
410 1855 513 1899 manus
537 1841 790 1917 sanguineumque
814 1847 919 1919 caput,

181 1923 220 1984 Ut
243 1926 360 2002 genitor
382 1925 524 2004 luctuque
546 1943 622 1986 novo
644 1926 781 1987 tardetur
803 1935 856 2007 et,
878 1935 961 1988 artus

181 2011 257 2072 Dum
280 2011 350 2091 legit
373 2016 540 2095 extinctos,
563 2015 648 2075 triste
671 2015 803 2076 retardet
822 2017 900 2076 iter.

182 2098 253 2159 lude
276 2100 376 2160 Tomis
400 2101 497 2161 dictus
519 2100 602 2162 locus
620 2102 695 2183 Dic,
717 2105 787 2180 quia
800 2103 907 2164 lectur
928 2102 959 2163 iu
972 2099 1023 2162 :illo

181 2186 312 2249 Membra
335 2206 420 2249 soror
442 2190 543 2250 fratris
567 2192 755 2252 consecuisse
779 2192 844 2252 sui.

574 2382 616 2457 X.

181 2539 281 2621 Siquis
304 2541 399 2602 adhuc
422 2542 490 2602 istic
511 2543 648 2601 meminit
668 2541 794 2602 Nasonis
817 2541 965 2620 adempti,

180 2626 220 2688 Et
242 2637 378 2708 superest
401 2631 465 2689 sine
488 2645 535 2688 me
559 2647 667 2691 nomen
689 2632 720 2691 in
744 2628 823 2691 Urbe
845 2647 964 2708 meum,

182 2714 374 2793 Suppositum
398 2715 491 2776 stellis
514 2733 674 2796 numquam
698 2716 888 2796 tangentibus
911 2731 1014 2796 aequor

181 2801 227 2861 Me
251 2805 325 2863 sciat
347 2806 378 2862 in
400 2803 496 2863 media
519 2806 617 2866 vivere
640 2802 792 2866 barbaria.

150 2889 370 2950 oSauromatee
394 2893 538 2973 cingunt,
566 2893 628 2954 lera
651 2912 742 2975 gens,
764 2893 908 2973 Bessique
931 2892 1067 2966 cooequo

180 2977 274 3048 Quam
297 2996 356 3039 non
379 2980 496 3057 ingenio
520 2984 638 3042 nomina
662 2981 747 3061 digna
771 2980 855 3041 meo!

180 3066 255 3126 Dum
278 3075 377 3127 tamen
400 3084 471 3127 aura
494 3076 597 3150 tepet,
620 3071 717 3130 medio
741 3068 928 3131 defendimur
949 3067 1048 3128 flisuo:

178 3153 230 3214 llle
253 3157 316 3216 suis
338 3154 469 3234 liquidus
492 3155 568 3217 bella
591 3158 709 3236 repellit
730 3161 832 3237 aquis.
920 3213 925 3222 .

178 3244 217 3302 At
239 3261 307 3302 cum
329 3246 424 3304 tristis
446 3244 541 3305 hiems
565 3246 728 3325 squalentia
750 3245 875 3324 protulit
897 3263 966 3327 oro,

132 3341 164 3390 10
178 3330 329 3411 Terraque
353 3350 518 3394 marmoreo
542 3342 588 3394 est
611 3335 733 3395 candida
756 3334 832 3394 lacta
854 3333 943 3415 gelu,

178 3413 202 3493 †
225 3418 301 3478 Dum
323 3427 404 3498 patet
427 3420 584 3482 ethereas
607 3430 637 3483 et
659 3425 710 3482 nix
732 3423 841 3483 iniecto
864 3422 920 3483 sub
942 3423 1016 3483 arcto

179 3503 256 3564 Tum
278 3514 358 3584 patet
370 3555 379 3588 ,
402 3508 456 3569 has
479 3517 583 3588 gentes
606 3527 659 3571 axe
682 3518 828 3571 tremente
852 3511 964 3589 premi.

995 3680 1086 3855 ...l
