<?xml version="1.0" encoding="UTF-8"?>
<!DOCTYPE html PUBLIC "-//W3C//DTD XHTML 1.0 Transitional//EN"
    "http://www.w3.org/TR/xhtml1/DTD/xhtml1-transitional.dtd">
<html xmlns="http://www.w3.org/1999/xhtml" xml:lang="en" lang="en">
 <head>
  <title>
</title>
<meta http-equiv="Content-Type" content="text/html;charset=utf-8" />
  <meta name='ocr-system' content='tesseract 3.04.00' />
  <meta name='ocr-capabilities' content='ocr_page ocr_carea ocr_par ocr_line ocrx_word'/>
</head>
<body>
  <div class='ocr_page' id='page_1' title='image "./ovidiusexiterat00ovidgoog_0132.png"; bbox 0 0 2386 3892; ppageno 0'>
   <div class='ocr_carea' id='block_1_1' title="bbox 392 167 1046 233">
    <p class='ocr_par' dir='ltr' id='par_1_1' title="bbox 392 167 1046 233">
     <span class='ocr_line' id='line_1_1' title="bbox 392 167 1046 233; baseline 0 -12"><span class='ocrx_word' id='word_1_1' title='bbox 392 170 438 223; x_wconf 85' lang='lat' dir='ltr'>IV.</span> <span class='ocrx_word' id='word_1_2' title='bbox 457 182 479 222; x_wconf 84' lang='lat' dir='ltr'>x</span> <span class='ocrx_word' id='word_1_3' title='bbox 493 171 611 223; x_wconf 83' lang='lat' dir='ltr'>119-V.</span> <span class='ocrx_word' id='word_1_4' title='bbox 628 173 697 224; x_wconf 75' lang='lat'>154.</span> <span class='ocrx_word' id='word_1_5' title='bbox 1004 167 1046 233; x_wconf 87' lang='lat'>81</span> 
     </span>
    </p>
   </div>
   <div class='ocr_carea' id='block_1_2' title="bbox 87 332 1053 3635">
    <p class='ocr_par' dir='ltr' id='par_1_2' title="bbox 87 332 1053 3635">
     <span class='ocr_line' id='line_1_2' title="bbox 130 332 802 413; baseline 0.003 -21"><span class='ocrx_word' id='word_1_6' title='bbox 130 332 234 412; x_wconf 79' lang='lat' dir='ltr'>dptior</span> <span class='ocrx_word' id='word_1_7' title='bbox 246 380 255 413; x_wconf 95' lang='lat'>,</span> <span class='ocrx_word' id='word_1_8' title='bbox 278 333 432 411; x_wconf 80' lang='lat' dir='ltr'>ingenium</span> <span class='ocrx_word' id='word_1_9' title='bbox 455 334 548 413; x_wconf 89' lang='lat' dir='ltr'>mite,</span> <span class='ocrx_word' id='word_1_10' title='bbox 571 332 705 394; x_wconf 87' lang='lat' dir='ltr'>Tibullus</span> <span class='ocrx_word' id='word_1_11' title='bbox 728 334 802 395; x_wconf 86' lang='lat' dir='ltr'>erit.</span> 
     </span>
     <span class='ocr_line' id='line_1_3' title="bbox 133 417 981 499; baseline 0 -19"><span class='ocrx_word' id='word_1_12' title='bbox 133 421 228 499; x_wconf 74' lang='lat' dir='ltr'>Atque</span> <span class='ocrx_word' id='word_1_13' title='bbox 251 423 366 481; x_wconf 91' lang='lat' dir='ltr'>utinam</span> <span class='ocrx_word' id='word_1_14' title='bbox 390 438 515 481; x_wconf 88' lang='lat' dir='ltr'>numero</span> <span class='ocrx_word' id='word_1_15' title='bbox 537 438 597 480; x_wconf 92' lang='lat' dir='ltr'>non</span> <span class='ocrx_word' id='word_1_16' title='bbox 620 439 674 482; x_wconf 92' lang='lat' dir='ltr'>nos</span> <span class='ocrx_word' id='word_1_17' title='bbox 698 437 830 481; x_wconf 81' lang='lat' dir='ltr'>essemus</span> <span class='ocrx_word' id='word_1_18' title='bbox 852 422 883 481; x_wconf 93' lang='lat' dir='ltr'>in</span> <span class='ocrx_word' id='word_1_19' title='bbox 906 417 981 481; x_wconf 85' lang='lat' dir='ltr'>isto!</span> 
     </span>
     <span class='ocr_line' id='line_1_4' title="bbox 87 505 919 590; baseline 0.002 -24"><span class='ocrx_word' id='word_1_20' title='bbox 87 508 167 568; x_wconf 75' lang='lat' dir='ltr'>tolli</span> <span class='ocrx_word' id='word_1_21' title='bbox 190 507 285 590; x_wconf 90' lang='lat' dir='ltr'>mihi,</span> <span class='ocrx_word' id='word_1_22' title='bbox 308 526 363 569; x_wconf 88' lang='lat' dir='ltr'>cur</span> <span class='ocrx_word' id='word_1_23' title='bbox 386 526 525 586; x_wconf 92' lang='lat' dir='ltr'>umquam</span> <span class='ocrx_word' id='word_1_24' title='bbox 548 508 631 569; x_wconf 91' lang='lat' dir='ltr'>Musa</span> <span class='ocrx_word' id='word_1_25' title='bbox 653 511 747 570; x_wconf 90' lang='lat' dir='ltr'>iocata</span> <span class='ocrx_word' id='word_1_26' title='bbox 769 526 834 569; x_wconf 90' lang='lat' dir='ltr'>mea</span> <span class='ocrx_word' id='word_1_27' title='bbox 856 505 919 568; x_wconf 82' lang='lat' dir='ltr'>est!</span> 
     </span>
     <span class='ocr_line' id='line_1_5' title="bbox 134 594 1019 677; baseline 0.001 -22"><span class='ocrx_word' id='word_1_28' title='bbox 134 595 191 656; x_wconf 91' lang='lat' dir='ltr'>Sed</span> <span class='ocrx_word' id='word_1_29' title='bbox 215 595 350 657; x_wconf 87' lang='lat' dir='ltr'>dedimus</span> <span class='ocrx_word' id='word_1_30' title='bbox 374 613 506 677; x_wconf 91' lang='lat' dir='ltr'>poenas,</span> <span class='ocrx_word' id='word_1_31' title='bbox 530 595 717 675; x_wconf 81' lang='lat' dir='ltr'>Scythicique</span> <span class='ocrx_word' id='word_1_32' title='bbox 741 596 773 656; x_wconf 93' lang='lat' dir='ltr'>in</span> <span class='ocrx_word' id='word_1_33' title='bbox 796 594 903 656; x_wconf 89' lang='lat' dir='ltr'>finibus</span> <span class='ocrx_word' id='word_1_34' title='bbox 926 594 1019 656; x_wconf 85' lang='lat' dir='ltr'>Histri</span> 
     </span>
     <span class='ocr_line' id='line_1_6' title="bbox 133 682 737 763; baseline 0.003 -21"><span class='ocrx_word' id='word_1_35' title='bbox 133 683 184 743; x_wconf 90' lang='lat' dir='ltr'>llle</span> <span class='ocrx_word' id='word_1_36' title='bbox 207 682 371 763; x_wconf 83' lang='lat' dir='ltr'>pharetrati</span> <span class='ocrx_word' id='word_1_37' title='bbox 393 683 475 744; x_wconf 90' lang='lat' dir='ltr'>lusor</span> <span class='ocrx_word' id='word_1_38' title='bbox 498 684 614 744; x_wconf 74' lang='lat' dir='ltr'>Amoris</span> <span class='ocrx_word' id='word_1_39' title='bbox 637 683 737 744; x_wconf 86' lang='lat' dir='ltr'>abest.</span> 
     </span>
     <span class='ocr_line' id='line_1_7' title="bbox 136 770 1027 852; baseline 0.002 -22"><span class='ocrx_word' id='word_1_40' title='bbox 136 770 219 841; x_wconf 85' lang='lat' dir='ltr'>Quod</span> <span class='ocrx_word' id='word_1_41' title='bbox 244 779 404 852; x_wconf 90' lang='lat' dir='ltr'>superest,</span> <span class='ocrx_word' id='word_1_42' title='bbox 427 789 567 832; x_wconf 89' lang='lat' dir='ltr'>numeros</span> <span class='ocrx_word' id='word_1_43' title='bbox 590 770 625 831; x_wconf 90' lang='lat' dir='ltr'>ad</span> <span class='ocrx_word' id='word_1_44' title='bbox 649 771 766 850; x_wconf 92' lang='lat' dir='ltr'>puhlica</span> <span class='ocrx_word' id='word_1_45' title='bbox 789 772 919 832; x_wconf 90' lang='lat' dir='ltr'>carmina</span> <span class='ocrx_word' id='word_1_46' title='bbox 941 771 1027 852; x_wconf 81' lang='lat' dir='ltr'>flexi,</span> 
     </span>
     <span class='ocr_line' id='line_1_8' title="bbox 136 857 765 920; baseline 0.005 -3"><span class='ocrx_word' id='word_1_47' title='bbox 136 857 173 918; x_wconf 89' lang='lat' dir='ltr'>Et</span> <span class='ocrx_word' id='word_1_48' title='bbox 195 875 342 919; x_wconf 86' lang='lat' dir='ltr'>memores</span> <span class='ocrx_word' id='word_1_49' title='bbox 365 861 440 920; x_wconf 89' lang='lat' dir='ltr'>iussi</span> <span class='ocrx_word' id='word_1_50' title='bbox 462 861 589 920; x_wconf 89' lang='lat' dir='ltr'>nominis</span> <span class='ocrx_word' id='word_1_51' title='bbox 612 877 678 919; x_wconf 90' lang='lat' dir='ltr'>csse</span> <span class='ocrx_word' id='word_1_52' title='bbox 701 861 765 920; x_wconf 90' lang='lat' dir='ltr'>sui.</span> 
     </span>
     <span class='ocr_line' id='line_1_9' title="bbox 96 945 980 1027; baseline 0.003 -24"><span class='ocrx_word' id='word_1_53' title='bbox 96 954 124 1004; x_wconf 75' lang='lat'>25</span> <span class='ocrx_word' id='word_1_54' title='bbox 138 945 169 1004; x_wconf 91' lang='lat' dir='ltr'>Si</span> <span class='ocrx_word' id='word_1_55' title='bbox 191 953 290 1006; x_wconf 90' lang='lat' dir='ltr'>tamen</span> <span class='ocrx_word' id='word_1_56' title='bbox 314 965 330 1006; x_wconf 92' lang='lat' dir='ltr'>e</span> <span class='ocrx_word' id='word_1_57' title='bbox 353 946 436 1007; x_wconf 88' lang='lat' dir='ltr'>vohis</span> <span class='ocrx_word' id='word_1_58' title='bbox 460 946 588 1027; x_wconf 92' lang='lat' dir='ltr'>aliquis,</span> <span class='ocrx_word' id='word_1_59' title='bbox 610 955 669 1007; x_wconf 89' lang='lat' dir='ltr'>tam</span> <span class='ocrx_word' id='word_1_60' title='bbox 693 945 807 1026; x_wconf 90' lang='lat' dir='ltr'>multa,</span> <span class='ocrx_word' id='word_1_61' title='bbox 830 947 980 1026; x_wconf 86' lang='lat' dir='ltr'>requiret,</span> 
     </span>
     <span class='ocr_line' id='line_1_10' title="bbox 137 1032 876 1096; baseline 0.003 -4"><span class='ocrx_word' id='word_1_62' title='bbox 137 1032 217 1094; x_wconf 89' lang='lat' dir='ltr'>Unde</span> <span class='ocrx_word' id='word_1_63' title='bbox 241 1033 367 1094; x_wconf 91' lang='lat' dir='ltr'>dolenda</span> <span class='ocrx_word' id='word_1_64' title='bbox 390 1052 513 1096; x_wconf 88' lang='lat' dir='ltr'>canam:</span> <span class='ocrx_word' id='word_1_65' title='bbox 546 1033 637 1095; x_wconf 91' lang='lat' dir='ltr'>multa</span> <span class='ocrx_word' id='word_1_66' title='bbox 659 1033 782 1095; x_wconf 92' lang='lat' dir='ltr'>dolenda</span> <span class='ocrx_word' id='word_1_67' title='bbox 805 1032 876 1094; x_wconf 90' lang='lat' dir='ltr'>tuli.</span> 
     </span>
     <span class='ocr_line' id='line_1_11' title="bbox 137 1119 964 1201; baseline 0.004 -22"><span class='ocrx_word' id='word_1_68' title='bbox 137 1119 198 1180; x_wconf 90' lang='lat' dir='ltr'>Non</span> <span class='ocrx_word' id='word_1_69' title='bbox 221 1120 295 1181; x_wconf 90' lang='lat' dir='ltr'>haec</span> <span class='ocrx_word' id='word_1_70' title='bbox 318 1123 457 1200; x_wconf 90' lang='lat' dir='ltr'>ingenio,</span> <span class='ocrx_word' id='word_1_71' title='bbox 481 1140 539 1183; x_wconf 91' lang='lat' dir='ltr'>non</span> <span class='ocrx_word' id='word_1_72' title='bbox 562 1122 635 1183; x_wconf 90' lang='lat' dir='ltr'>haec</span> <span class='ocrx_word' id='word_1_73' title='bbox 658 1123 860 1201; x_wconf 86' lang='lat' dir='ltr'>componimus</span> <span class='ocrx_word' id='word_1_74' title='bbox 883 1130 964 1182; x_wconf 91' lang='lat' dir='ltr'>arte:</span> 
     </span>
     <span class='ocr_line' id='line_1_12' title="bbox 123 1208 775 1288; baseline 0.002 -21"><span class='ocrx_word' id='word_1_75' title='bbox 123 1208 257 1268; x_wconf 89' lang='lat' dir='ltr'>-Materia</span> <span class='ocrx_word' id='word_1_76' title='bbox 281 1216 327 1269; x_wconf 92' lang='lat' dir='ltr'>est</span> <span class='ocrx_word' id='word_1_77' title='bbox 349 1212 477 1288; x_wconf 90' lang='lat' dir='ltr'>propriis</span> <span class='ocrx_word' id='word_1_78' title='bbox 500 1212 652 1288; x_wconf 87' lang='lat' dir='ltr'>ingeniosa</span> <span class='ocrx_word' id='word_1_79' title='bbox 674 1209 775 1270; x_wconf 93' lang='lat' dir='ltr'>malis.</span> 
     </span>
     <span class='ocr_line' id='line_1_13' title="bbox 138 1291 979 1375; baseline -0.001 -20"><span class='ocrx_word' id='word_1_80' title='bbox 138 1294 174 1355; x_wconf 89' lang='lat' dir='ltr'>Et</span> <span class='ocrx_word' id='word_1_81' title='bbox 196 1303 286 1374; x_wconf 90' lang='lat' dir='ltr'>quota</span> <span class='ocrx_word' id='word_1_82' title='bbox 309 1296 444 1358; x_wconf 84' lang='lat' dir='ltr'>fortunae</span> <span class='ocrx_word' id='word_1_83' title='bbox 467 1315 536 1375; x_wconf 89' lang='lat' dir='ltr'>pars</span> <span class='ocrx_word' id='word_1_84' title='bbox 559 1299 658 1357; x_wconf 90' lang='lat' dir='ltr'>estin</span> <span class='ocrx_word' id='word_1_85' title='bbox 681 1298 811 1356; x_wconf 90' lang='lat' dir='ltr'>carmine</span> <span class='ocrx_word' id='word_1_86' title='bbox 834 1291 979 1355; x_wconf 83' lang='lat' dir='ltr'>nostrae?</span> 
     </span>
     <span class='ocr_line' id='line_1_14' title="bbox 101 1380 865 1464; baseline 0.003 -25"><span class='ocrx_word' id='word_1_87' title='bbox 101 1391 127 1440; x_wconf 85' lang='lat'>30</span> <span class='ocrx_word' id='word_1_88' title='bbox 140 1381 240 1464; x_wconf 83' lang='lat' dir='ltr'>Felix,</span> <span class='ocrx_word' id='word_1_89' title='bbox 266 1385 316 1462; x_wconf 94' lang='lat' dir='ltr'>qui</span> <span class='ocrx_word' id='word_1_90' title='bbox 338 1386 449 1463; x_wconf 89' lang='lat' dir='ltr'>patitur</span> <span class='ocrx_word' id='word_1_91' title='bbox 473 1402 547 1463; x_wconf 93' lang='lat' dir='ltr'>quae</span> <span class='ocrx_word' id='word_1_92' title='bbox 571 1400 727 1444; x_wconf 88' lang='lat' dir='ltr'>numerare</span> <span class='ocrx_word' id='word_1_93' title='bbox 751 1380 865 1461; x_wconf 83' lang='lat' dir='ltr'>potest!</span> 
     </span>
     <span class='ocr_line' id='line_1_15' title="bbox 141 1468 1017 1553; baseline -0.001 -22"><span class='ocrx_word' id='word_1_94' title='bbox 141 1469 215 1538; x_wconf 80' lang='lat' dir='ltr'>Qum</span> <span class='ocrx_word' id='word_1_95' title='bbox 238 1471 362 1532; x_wconf 79' lang='lat' dir='ltr'>frutices</span> <span class='ocrx_word' id='word_1_96' title='bbox 386 1471 497 1553; x_wconf 88' lang='lat' dir='ltr'>silvae,</span> <span class='ocrx_word' id='word_1_97' title='bbox 520 1479 592 1552; x_wconf 92' lang='lat' dir='ltr'>quot</span> <span class='ocrx_word' id='word_1_98' title='bbox 614 1471 702 1532; x_wconf 85' lang='lat' dir='ltr'>flavas</span> <span class='ocrx_word' id='word_1_99' title='bbox 725 1469 852 1549; x_wconf 76' lang='lat' dir='ltr'>Thybris</span> <span class='ocrx_word' id='word_1_100' title='bbox 874 1468 1017 1551; x_wconf 88' lang='lat' dir='ltr'>harenas,</span> 
     </span>
     <span class='ocr_line' id='line_1_16' title="bbox 140 1556 879 1638; baseline 0.001 -22"><span class='ocrx_word' id='word_1_101' title='bbox 140 1557 232 1618; x_wconf 88' lang='lat' dir='ltr'>Mollia</span> <span class='ocrx_word' id='word_1_102' title='bbox 256 1566 329 1637; x_wconf 92' lang='lat' dir='ltr'>quot</span> <span class='ocrx_word' id='word_1_103' title='bbox 351 1558 452 1620; x_wconf 88' lang='lat' dir='ltr'>Martis</span> <span class='ocrx_word' id='word_1_104' title='bbox 475 1562 606 1638; x_wconf 92' lang='lat' dir='ltr'>gramina</span> <span class='ocrx_word' id='word_1_105' title='bbox 630 1576 750 1637; x_wconf 89' lang='lat' dir='ltr'>campus</span> <span class='ocrx_word' id='word_1_106' title='bbox 774 1556 879 1637; x_wconf 92' lang='lat' dir='ltr'>habet,</span> 
     </span>
     <span class='ocr_line' id='line_1_17' title="bbox 141 1645 997 1728; baseline 0.002 -25"><span class='ocrx_word' id='word_1_107' title='bbox 141 1645 194 1705; x_wconf 85' lang='lat' dir='ltr'>Tot</span> <span class='ocrx_word' id='word_1_108' title='bbox 217 1645 292 1706; x_wconf 89' lang='lat' dir='ltr'>mala</span> <span class='ocrx_word' id='word_1_109' title='bbox 314 1647 512 1728; x_wconf 84' lang='lat' dir='ltr'>pertulimus,</span> <span class='ocrx_word' id='word_1_110' title='bbox 536 1665 663 1727; x_wconf 92' lang='lat' dir='ltr'>quorum</span> <span class='ocrx_word' id='word_1_111' title='bbox 685 1645 829 1707; x_wconf 89' lang='lat' dir='ltr'>medicina</span> <span class='ocrx_word' id='word_1_112' title='bbox 854 1647 997 1724; x_wconf 88' lang='lat' dir='ltr'>quiesque</span> 
     </span>
     <span class='ocr_line' id='line_1_18' title="bbox 140 1731 901 1813; baseline 0.003 -22"><span class='ocrx_word' id='word_1_113' title='bbox 140 1731 223 1793; x_wconf 90' lang='lat' dir='ltr'>Nulla</span> <span class='ocrx_word' id='word_1_114' title='bbox 246 1736 303 1794; x_wconf 90' lang='lat' dir='ltr'>nisi</span> <span class='ocrx_word' id='word_1_115' title='bbox 326 1736 356 1794; x_wconf 95' lang='lat' dir='ltr'>in</span> <span class='ocrx_word' id='word_1_116' title='bbox 381 1735 478 1795; x_wconf 92' lang='lat' dir='ltr'>studio</span> <span class='ocrx_word' id='word_1_117' title='bbox 503 1744 548 1796; x_wconf 91' lang='lat' dir='ltr'>est</span> <span class='ocrx_word' id='word_1_118' title='bbox 570 1735 779 1813; x_wconf 88' lang='lat' dir='ltr'>Pieridumque</span> <span class='ocrx_word' id='word_1_119' title='bbox 803 1751 901 1794; x_wconf 85' lang='lat' dir='ltr'>mora.</span> 
     </span>
     <span class='ocr_line' id='line_1_19' title="bbox 102 1815 1051 1903; baseline 0.005 -27"><span class='ocrx_word' id='word_1_120' title='bbox 102 1826 129 1875; x_wconf 81' lang='lat'>³5</span> <span class='ocrx_word' id='word_1_121' title='bbox 143 1815 225 1889; x_wconf 76' lang='lat' dir='ltr'>‘Quis</span> <span class='ocrx_word' id='word_1_122' title='bbox 244 1820 316 1902; x_wconf 91' lang='lat' dir='ltr'>tihi,</span> <span class='ocrx_word' id='word_1_123' title='bbox 334 1821 429 1903; x_wconf 92' lang='lat' dir='ltr'>Naso,</span> <span class='ocrx_word' id='word_1_124' title='bbox 452 1822 557 1883; x_wconf 89' lang='lat' dir='ltr'>modus</span> <span class='ocrx_word' id='word_1_125' title='bbox 575 1822 722 1883; x_wconf 90' lang='lat' dir='ltr'>lacrimosi</span> <span class='ocrx_word' id='word_1_126' title='bbox 741 1823 879 1882; x_wconf 90' lang='lat' dir='ltr'>carminis</span> <span class='ocrx_word' id='word_1_127' title='bbox 888 1815 916 1881; x_wconf 86' lang='lat'>?&#39;</span> <span class='ocrx_word' id='word_1_128' title='bbox 935 1823 1051 1900; x_wconf 88' lang='lat' dir='ltr'>inquis:</span> 
     </span>
     <span class='ocr_line' id='line_1_20' title="bbox 141 1906 809 1989; baseline 0.007 -24"><span class='ocrx_word' id='word_1_129' title='bbox 141 1906 241 1989; x_wconf 93' lang='lat' dir='ltr'>ldem,</span> <span class='ocrx_word' id='word_1_130' title='bbox 265 1910 399 1969; x_wconf 89' lang='lat' dir='ltr'>fortunae</span> <span class='ocrx_word' id='word_1_131' title='bbox 423 1912 474 1987; x_wconf 91' lang='lat' dir='ltr'>qui</span> <span class='ocrx_word' id='word_1_132' title='bbox 496 1910 600 1971; x_wconf 90' lang='lat' dir='ltr'>modus</span> <span class='ocrx_word' id='word_1_133' title='bbox 623 1910 712 1971; x_wconf 89' lang='lat' dir='ltr'>huius</span> <span class='ocrx_word' id='word_1_134' title='bbox 735 1912 809 1970; x_wconf 88' lang='lat' dir='ltr'>erit.</span> 
     </span>
     <span class='ocr_line' id='line_1_21' title="bbox 142 1993 1007 2077; baseline 0.002 -23"><span class='ocrx_word' id='word_1_135' title='bbox 142 1993 222 2062; x_wconf 80' lang='lat' dir='ltr'>erod</span> <span class='ocrx_word' id='word_1_136' title='bbox 247 2014 377 2077; x_wconf 90' lang='lat' dir='ltr'>querar,</span> <span class='ocrx_word' id='word_1_137' title='bbox 404 1997 452 2057; x_wconf 89' lang='lat' dir='ltr'>illa</span> <span class='ocrx_word' id='word_1_138' title='bbox 476 1998 547 2059; x_wconf 94' lang='lat' dir='ltr'>mihi</span> <span class='ocrx_word' id='word_1_139' title='bbox 569 1997 656 2077; x_wconf 87' lang='lat' dir='ltr'>pleno</span> <span class='ocrx_word' id='word_1_140' title='bbox 680 1997 717 2058; x_wconf 91' lang='lat' dir='ltr'>de</span> <span class='ocrx_word' id='word_1_141' title='bbox 740 1997 820 2057; x_wconf 91' lang='lat' dir='ltr'>fonte</span> <span class='ocrx_word' id='word_1_142' title='bbox 842 1997 1007 2076; x_wconf 88' lang='lat' dir='ltr'>ministrat,</span> 
     </span>
     <span class='ocr_line' id='line_1_22' title="bbox 141 2080 840 2166; baseline 0.006 -26"><span class='ocrx_word' id='word_1_143' title='bbox 141 2080 200 2144; x_wconf 90' lang='lat' dir='ltr'>Nec</span> <span class='ocrx_word' id='word_1_144' title='bbox 223 2101 288 2143; x_wconf 87' lang='lat' dir='ltr'>mea</span> <span class='ocrx_word' id='word_1_145' title='bbox 311 2092 380 2145; x_wconf 93' lang='lat' dir='ltr'>sunt</span> <span class='ocrx_word' id='word_1_146' title='bbox 393 2131 402 2166; x_wconf 97' lang='lat'>,</span> <span class='ocrx_word' id='word_1_147' title='bbox 425 2086 477 2146; x_wconf 91' lang='lat' dir='ltr'>fati</span> <span class='ocrx_word' id='word_1_148' title='bbox 499 2085 587 2146; x_wconf 87' lang='lat' dir='ltr'>rerba</span> <span class='ocrx_word' id='word_1_149' title='bbox 610 2086 661 2147; x_wconf 90' lang='lat' dir='ltr'>sed</span> <span class='ocrx_word' id='word_1_150' title='bbox 684 2088 740 2146; x_wconf 91' lang='lat' dir='ltr'>ista</span> <span class='ocrx_word' id='word_1_151' title='bbox 763 2086 840 2146; x_wconf 88' lang='lat' dir='ltr'>mei.</span> 
     </span>
     <span class='ocr_line' id='line_1_23' title="bbox 142 2168 941 2252; baseline 0.004 -25"><span class='ocrx_word' id='word_1_152' title='bbox 142 2168 177 2228; x_wconf 80' lang='lat' dir='ltr'>lc</span> <span class='ocrx_word' id='word_1_153' title='bbox 198 2171 270 2231; x_wconf 91' lang='lat' dir='ltr'>mihi</span> <span class='ocrx_word' id='word_1_154' title='bbox 293 2173 319 2232; x_wconf 91' lang='lat' dir='ltr'>si</span> <span class='ocrx_word' id='word_1_155' title='bbox 342 2190 409 2232; x_wconf 89' lang='lat' dir='ltr'>cara</span> <span class='ocrx_word' id='word_1_156' title='bbox 430 2175 555 2252; x_wconf 89' lang='lat' dir='ltr'>patriam</span> <span class='ocrx_word' id='word_1_157' title='bbox 578 2192 646 2234; x_wconf 93' lang='lat' dir='ltr'>cum</span> <span class='ocrx_word' id='word_1_158' title='bbox 670 2175 794 2250; x_wconf 90' lang='lat' dir='ltr'>coniuge</span> <span class='ocrx_word' id='word_1_159' title='bbox 817 2170 941 2251; x_wconf 91' lang='lat' dir='ltr'>reddas,</span> 
     </span>
     <span class='ocr_line' id='line_1_24' title="bbox 97 2255 889 2341; baseline 0.009 -30"><span class='ocrx_word' id='word_1_160' title='bbox 97 2265 130 2313; x_wconf 80' lang='lat'>40</span> <span class='ocrx_word' id='word_1_161' title='bbox 144 2255 207 2319; x_wconf 88' lang='lat' dir='ltr'>Sint</span> <span class='ocrx_word' id='word_1_162' title='bbox 229 2258 327 2319; x_wconf 87' lang='lat' dir='ltr'>vultus</span> <span class='ocrx_word' id='word_1_163' title='bbox 351 2260 476 2341; x_wconf 91' lang='lat' dir='ltr'>hilares,</span> <span class='ocrx_word' id='word_1_164' title='bbox 499 2263 614 2338; x_wconf 93' lang='lat' dir='ltr'>simque</span> <span class='ocrx_word' id='word_1_165' title='bbox 638 2259 716 2338; x_wconf 93' lang='lat' dir='ltr'>quod</span> <span class='ocrx_word' id='word_1_166' title='bbox 740 2267 806 2320; x_wconf 92' lang='lat' dir='ltr'>ante</span> <span class='ocrx_word' id='word_1_167' title='bbox 829 2259 889 2319; x_wconf 89' lang='lat' dir='ltr'>fui.</span> 
     </span>
     <span class='ocr_line' id='line_1_25' title="bbox 143 2343 819 2420; baseline 0.001 -16"><span class='ocrx_word' id='word_1_168' title='bbox 143 2343 250 2406; x_wconf 85' lang='lat' dir='ltr'>Lenior</span> <span class='ocrx_word' id='word_1_169' title='bbox 273 2349 374 2407; x_wconf 90' lang='lat' dir='ltr'>invicti</span> <span class='ocrx_word' id='word_1_170' title='bbox 397 2351 422 2408; x_wconf 92' lang='lat' dir='ltr'>si</span> <span class='ocrx_word' id='word_1_171' title='bbox 445 2351 485 2409; x_wconf 91' lang='lat' dir='ltr'>sit</span> <span class='ocrx_word' id='word_1_172' title='bbox 506 2347 578 2408; x_wconf 93' lang='lat' dir='ltr'>mihi</span> <span class='ocrx_word' id='word_1_173' title='bbox 601 2346 733 2406; x_wconf 83' lang='lat' dir='ltr'>Caesaris</span> <span class='ocrx_word' id='word_1_174' title='bbox 756 2349 819 2420; x_wconf 88' lang='lat' dir='ltr'>ira,</span> 
     </span>
     <span class='ocr_line' id='line_1_26' title="bbox 143 2429 805 2512; baseline 0.002 -22"><span class='ocrx_word' id='word_1_175' title='bbox 143 2429 277 2494; x_wconf 86' lang='lat' dir='ltr'>Carmina</span> <span class='ocrx_word' id='word_1_176' title='bbox 299 2434 425 2496; x_wconf 89' lang='lat' dir='ltr'>laetitiae</span> <span class='ocrx_word' id='word_1_177' title='bbox 448 2438 506 2495; x_wconf 93' lang='lat' dir='ltr'>iam</span> <span class='ocrx_word' id='word_1_178' title='bbox 528 2433 584 2495; x_wconf 92' lang='lat' dir='ltr'>tibi</span> <span class='ocrx_word' id='word_1_179' title='bbox 605 2433 691 2512; x_wconf 93' lang='lat' dir='ltr'>plena</span> <span class='ocrx_word' id='word_1_180' title='bbox 715 2432 805 2493; x_wconf 89' lang='lat' dir='ltr'>daho.</span> 
     </span>
     <span class='ocr_line' id='line_1_27' title="bbox 145 2517 955 2603; baseline 0 -23"><span class='ocrx_word' id='word_1_181' title='bbox 145 2521 204 2581; x_wconf 90' lang='lat' dir='ltr'>Nec</span> <span class='ocrx_word' id='word_1_182' title='bbox 227 2529 324 2581; x_wconf 90' lang='lat' dir='ltr'>tamen</span> <span class='ocrx_word' id='word_1_183' title='bbox 347 2530 382 2583; x_wconf 94' lang='lat' dir='ltr'>ut</span> <span class='ocrx_word' id='word_1_184' title='bbox 403 2523 496 2603; x_wconf 92' lang='lat' dir='ltr'>lusit,</span> <span class='ocrx_word' id='word_1_185' title='bbox 519 2540 625 2582; x_wconf 89' lang='lat' dir='ltr'>rursus</span> <span class='ocrx_word' id='word_1_186' title='bbox 648 2537 713 2581; x_wconf 89' lang='lat' dir='ltr'>mea</span> <span class='ocrx_word' id='word_1_187' title='bbox 736 2519 834 2580; x_wconf 89' lang='lat' dir='ltr'>littera</span> <span class='ocrx_word' id='word_1_188' title='bbox 856 2517 955 2580; x_wconf 89' lang='lat' dir='ltr'>ludet:</span> 
     </span>
     <span class='ocr_line' id='line_1_28' title="bbox 143 2605 737 2671; baseline 0.002 -4"><span class='ocrx_word' id='word_1_189' title='bbox 143 2608 186 2668; x_wconf 91' lang='lat' dir='ltr'>Sit</span> <span class='ocrx_word' id='word_1_190' title='bbox 209 2609 300 2669; x_wconf 91' lang='lat' dir='ltr'>semel</span> <span class='ocrx_word' id='word_1_191' title='bbox 323 2609 371 2670; x_wconf 89' lang='lat' dir='ltr'>illa</span> <span class='ocrx_word' id='word_1_192' title='bbox 393 2613 458 2671; x_wconf 92' lang='lat' dir='ltr'>ioco</span> <span class='ocrx_word' id='word_1_193' title='bbox 481 2610 627 2671; x_wconf 83' lang='lat' dir='ltr'>luxuriata</span> <span class='ocrx_word' id='word_1_194' title='bbox 650 2605 737 2670; x_wconf 87' lang='lat' dir='ltr'>mcof</span> 
     </span>
     <span class='ocr_line' id='line_1_29' title="bbox 100 2693 1053 2779; baseline 0.004 -27"><span class='ocrx_word' id='word_1_195' title='bbox 100 2701 129 2750; x_wconf 77' lang='lat'>45</span> <span class='ocrx_word' id='word_1_196' title='bbox 143 2695 225 2764; x_wconf 77' lang='lat' dir='ltr'>erod</span> <span class='ocrx_word' id='word_1_197' title='bbox 245 2696 351 2774; x_wconf 91' lang='lat' dir='ltr'>prohet</span> <span class='ocrx_word' id='word_1_198' title='bbox 372 2701 458 2779; x_wconf 90' lang='lat' dir='ltr'>ipse,</span> <span class='ocrx_word' id='word_1_199' title='bbox 482 2717 601 2778; x_wconf 92' lang='lat' dir='ltr'>canam,</span> <span class='ocrx_word' id='word_1_200' title='bbox 622 2714 735 2776; x_wconf 89' lang='lat' dir='ltr'>poenae</span> <span class='ocrx_word' id='word_1_201' title='bbox 754 2693 840 2755; x_wconf 92' lang='lat' dir='ltr'>modo</span> <span class='ocrx_word' id='word_1_202' title='bbox 859 2701 942 2775; x_wconf 90' lang='lat' dir='ltr'>parte</span> <span class='ocrx_word' id='word_1_203' title='bbox 961 2695 1053 2757; x_wconf 87' lang='lat' dir='ltr'>levata</span> 
     </span>
     <span class='ocr_line' id='line_1_30' title="bbox 142 2783 791 2865; baseline 0.003 -23"><span class='ocrx_word' id='word_1_204' title='bbox 142 2783 310 2843; x_wconf 87' lang='lat' dir='ltr'>Barbariam</span> <span class='ocrx_word' id='word_1_205' title='bbox 332 2785 442 2864; x_wconf 86' lang='lat' dir='ltr'>rigidos</span> <span class='ocrx_word' id='word_1_206' title='bbox 466 2787 661 2865; x_wconf 82' lang='lat' dir='ltr'>cffrrgiamque</span> <span class='ocrx_word' id='word_1_207' title='bbox 685 2785 791 2845; x_wconf 87' lang='lat' dir='ltr'>Getas.</span> 
     </span>
     <span class='ocr_line' id='line_1_31' title="bbox 143 2868 949 2953; baseline 0.005 -24"><span class='ocrx_word' id='word_1_208' title='bbox 143 2868 258 2931; x_wconf 90' lang='lat' dir='ltr'>lnterea</span> <span class='ocrx_word' id='word_1_209' title='bbox 280 2876 375 2932; x_wconf 90' lang='lat' dir='ltr'>nostri</span> <span class='ocrx_word' id='word_1_210' title='bbox 398 2873 468 2952; x_wconf 92' lang='lat' dir='ltr'>quid</span> <span class='ocrx_word' id='word_1_211' title='bbox 492 2881 599 2953; x_wconf 84' lang='lat' dir='ltr'>agant,</span> <span class='ocrx_word' id='word_1_212' title='bbox 622 2876 679 2934; x_wconf 90' lang='lat' dir='ltr'>nisi</span> <span class='ocrx_word' id='word_1_213' title='bbox 702 2875 810 2952; x_wconf 89' lang='lat' dir='ltr'>triste,</span> <span class='ocrx_word' id='word_1_214' title='bbox 833 2869 949 2933; x_wconf 83' lang='lat' dir='ltr'>libelli?</span> 
     </span>
     <span class='ocr_line' id='line_1_32' title="bbox 142 2957 754 3023; baseline 0.01 -7"><span class='ocrx_word' id='word_1_215' title='bbox 142 2957 224 3018; x_wconf 85' lang='lat' dir='ltr'>Tihia</span> <span class='ocrx_word' id='word_1_216' title='bbox 248 2959 402 3020; x_wconf 81' lang='lat' dir='ltr'>funeribus</span> <span class='ocrx_word' id='word_1_217' title='bbox 426 2962 563 3021; x_wconf 88' lang='lat' dir='ltr'>convenit</span> <span class='ocrx_word' id='word_1_218' title='bbox 584 2962 641 3023; x_wconf 91' lang='lat' dir='ltr'>ista</span> <span class='ocrx_word' id='word_1_219' title='bbox 663 2964 754 3022; x_wconf 87' lang='lat' dir='ltr'>meis.</span> 
     </span>
     <span class='ocr_line' id='line_1_33' title="bbox 143 3040 958 3126; baseline 0.001 -23"><span class='ocrx_word' id='word_1_220' title='bbox 143 3040 190 3105; x_wconf 76' lang='lat' dir='ltr'>‘dt</span> <span class='ocrx_word' id='word_1_221' title='bbox 212 3042 342 3124; x_wconf 91' lang='lat' dir='ltr'>poteras&#39;</span> <span class='ocrx_word' id='word_1_222' title='bbox 365 3049 464 3126; x_wconf 90' lang='lat' dir='ltr'>inquis</span> <span class='ocrx_word' id='word_1_223' title='bbox 488 3044 604 3109; x_wconf 76' lang='lat' dir='ltr'>‘melius</span> <span class='ocrx_word' id='word_1_224' title='bbox 627 3048 701 3110; x_wconf 92' lang='lat' dir='ltr'>mala</span> <span class='ocrx_word' id='word_1_225' title='bbox 725 3049 804 3109; x_wconf 88' lang='lat' dir='ltr'>ferre</span> <span class='ocrx_word' id='word_1_226' title='bbox 828 3043 958 3123; x_wconf 86' lang='lat' dir='ltr'>silendo,</span> 
     </span>
     <span class='ocr_line' id='line_1_34' title="bbox 101 3131 736 3197; baseline 0.014 -9"><span class='ocrx_word' id='word_1_227' title='bbox 101 3137 130 3186; x_wconf 74' lang='lat'>50</span> <span class='ocrx_word' id='word_1_228' title='bbox 143 3131 180 3192; x_wconf 88' lang='lat' dir='ltr'>Et</span> <span class='ocrx_word' id='word_1_229' title='bbox 202 3135 309 3194; x_wconf 90' lang='lat' dir='ltr'>tacitus</span> <span class='ocrx_word' id='word_1_230' title='bbox 333 3153 419 3195; x_wconf 91' lang='lat' dir='ltr'>casus</span> <span class='ocrx_word' id='word_1_231' title='bbox 442 3135 626 3197; x_wconf 91' lang='lat' dir='ltr'>dissimulare</span> <span class='ocrx_word' id='word_1_232' title='bbox 649 3132 736 3197; x_wconf 68' lang='lat' dir='ltr'>tuos?</span> 
     </span>
     <span class='ocr_line' id='line_1_35' title="bbox 143 3219 936 3302; baseline -0.004 -23"><span class='ocrx_word' id='word_1_233' title='bbox 143 3219 263 3301; x_wconf 80' lang='lat' dir='ltr'>Exigis,</span> <span class='ocrx_word' id='word_1_234' title='bbox 287 3229 321 3282; x_wconf 91' lang='lat' dir='ltr'>ut</span> <span class='ocrx_word' id='word_1_235' title='bbox 343 3222 415 3282; x_wconf 91' lang='lat' dir='ltr'>nulli</span> <span class='ocrx_word' id='word_1_236' title='bbox 438 3225 564 3302; x_wconf 83' lang='lat' dir='ltr'>gemitus</span> <span class='ocrx_word' id='word_1_237' title='bbox 587 3230 735 3284; x_wconf 90' lang='lat' dir='ltr'>tormenta</span> <span class='ocrx_word' id='word_1_238' title='bbox 758 3224 936 3297; x_wconf 88' lang='lat' dir='ltr'>sequantur,</span> 
     </span>
     <span class='ocr_line' id='line_1_36' title="bbox 143 3302 801 3387; baseline -0.003 -20"><span class='ocrx_word' id='word_1_239' title='bbox 143 3307 329 3387; x_wconf 76' lang='lat' dir='ltr'>deceptoque</span> <span class='ocrx_word' id='word_1_240' title='bbox 352 3312 433 3387; x_wconf 86' lang='lat' dir='ltr'>gravi</span> <span class='ocrx_word' id='word_1_241' title='bbox 456 3311 577 3371; x_wconf 88' lang='lat' dir='ltr'>vulnere</span> <span class='ocrx_word' id='word_1_242' title='bbox 600 3310 671 3369; x_wconf 86' lang='lat' dir='ltr'>flere</span> <span class='ocrx_word' id='word_1_243' title='bbox 694 3302 801 3368; x_wconf 80' lang='lat' dir='ltr'>vetas?</span> 
     </span>
     <span class='ocr_line' id='line_1_37' title="bbox 143 3393 813 3476; baseline 0 -24"><span class='ocrx_word' id='word_1_244' title='bbox 143 3393 206 3473; x_wconf 91' lang='lat' dir='ltr'>lpse</span> <span class='ocrx_word' id='word_1_245' title='bbox 231 3395 356 3456; x_wconf 89' lang='lat' dir='ltr'>Perilleo</span> <span class='ocrx_word' id='word_1_246' title='bbox 379 3397 512 3458; x_wconf 90' lang='lat' dir='ltr'>Phalaris</span> <span class='ocrx_word' id='word_1_247' title='bbox 534 3397 670 3476; x_wconf 88' lang='lat' dir='ltr'>permisit</span> <span class='ocrx_word' id='word_1_248' title='bbox 691 3396 722 3454; x_wconf 90' lang='lat' dir='ltr'>in</span> <span class='ocrx_word' id='word_1_249' title='bbox 746 3409 813 3452; x_wconf 88' lang='lat' dir='ltr'>aere</span> 
     </span>
     <span class='ocr_line' id='line_1_38' title="bbox 143 3481 750 3561; baseline 0 -21"><span class='ocrx_word' id='word_1_250' title='bbox 143 3481 238 3544; x_wconf 85' lang='lat' dir='ltr'>Edere</span> <span class='ocrx_word' id='word_1_251' title='bbox 263 3485 392 3561; x_wconf 88' lang='lat' dir='ltr'>mugitus</span> <span class='ocrx_word' id='word_1_252' title='bbox 416 3491 445 3543; x_wconf 92' lang='lat' dir='ltr'>et</span> <span class='ocrx_word' id='word_1_253' title='bbox 468 3483 551 3543; x_wconf 86' lang='lat' dir='ltr'>bovis</span> <span class='ocrx_word' id='word_1_254' title='bbox 574 3499 625 3542; x_wconf 89' lang='lat' dir='ltr'>ore</span> <span class='ocrx_word' id='word_1_255' title='bbox 649 3481 750 3559; x_wconf 91' lang='lat' dir='ltr'>queri.</span> 
     </span>
     <span class='ocr_line' id='line_1_39' title="bbox 111 3582 899 3635; baseline 0.008 -6"><span class='ocrx_word' id='word_1_256' title='bbox 111 3585 188 3635; x_wconf 82' lang='lat' dir='ltr'>oum.</span> <span class='ocrx_word' id='word_1_257' title='bbox 210 3593 255 3632; x_wconf 84' lang='lat'>111.</span> <span class='ocrx_word' id='word_1_258' title='bbox 882 3582 899 3635; x_wconf 78' lang='grc'><strong>6</strong></span> 
     </span>
    </p>
   </div>
   <div class='ocr_carea' id='block_1_3' title="bbox 0 0 1198 3892">
    <p class='ocr_par' dir='ltr' id='par_1_3' title="bbox 0 0 1198 3892">
     <span class='ocr_line' id='line_1_40' title="bbox 0 0 1198 3892; baseline 0 0"><span class='ocrx_word' id='word_1_259' title='bbox 0 0 1198 3892; x_wconf 95' lang='lat' dir='ltr'> </span> 
     </span>
    </p>
   </div>
  </div>
 </body>
</html>
