2386 3892
110 116 178 182 320
521 117 712 169 rasrouun

133 294 186 344 305
201 282 326 361 Respice
351 281 549 342 Thestiaden:
582 281 706 341 flammis
729 278 901 341 absentibus
925 282 1015 360 arsit;

246 371 339 431 Causa
363 378 430 448 est,
455 368 532 447 quod
556 368 689 428 Phoebes
713 386 763 429 ara
786 370 850 428 sine
874 369 942 446 igne
966 369 1037 430 luit.

201 459 326 536 Respice
350 456 543 517 Tantaliden:
576 456 678 517 eadem
702 456 755 517 dea
778 455 840 516 vela
865 454 1001 517 tenebat.

246 546 333 622 Virgo
357 554 403 606 est
415 591 424 625 ,
448 554 477 605 et
500 553 616 623 spretos
639 543 684 604 bis
708 552 806 605 tarnen
830 542 891 604 ulta
914 545 1012 605 locos.

202 633 357 713 Hippolyte
381 633 504 713 infelix,
529 631 617 692 velles
641 630 769 693 coluisse
792 631 924 713 Dionen,

134 734 187 782 310
246 721 319 781 Cnrn
344 722 540 781 consternatis
565 719 736 798 diripereris
761 722 862 798 equis.

202 809 301 887 Longa
324 810 437 869 reierre
462 827 543 868 mora
567 815 612 868 est
635 816 770 868 correcta
792 806 898 868 oblivia
922 807 1049 869 damnis.

246 897 291 956 Me
317 915 434 976 quoque
459 897 579 956 Romani
604 898 785 974 praeteriere
808 903 925 973 patrea.

203 986 279 1055 Quid
304 987 453 1064 iacerem,
477 1002 530 1061 per
554 985 632 1062 qrrod
656 985 758 1044 fierem
782 984 936 1045 manifesta
959 978 1087 1044 doloris?

248 1073 402 1150 Exigerern
427 1080 544 1132 nostrae
569 1072 664 1150 qualia
688 1072 792 1133 damna
815 1067 928 1132 notae?

134 1173 188 1221 315
204 1161 320 1220 Excidit
343 1161 472 1220 cilicium
496 1162 574 1220 tristi
597 1160 690 1221 mihi.
732 1159 811 1221 nulla
833 1157 939 1220 tuebor

247 1249 326 1308 Rura
339 1296 348 1328 ,
372 1267 426 1309 nec
450 1251 480 1309 in
503 1251 599 1327 pretio
624 1248 729 1309 fertilis
752 1248 858 1309 hortus
882 1255 962 1309 erat:

203 1337 275 1397 Lilia
298 1337 468 1397 deciderent
481 1385 489 1417 ‚
514 1337 603 1396 violas
627 1355 711 1396 arere
734 1335 850 1395 videres
863 1382 872 1416 ,

247 1425 366 1504 Filaque
390 1427 510 1503 punicei
532 1424 667 1503 languida
692 1424 767 1484 lacta
790 1425 889 1484 croci.

204 1514 297 1591 Saepe
321 1513 392 1573 mihi
416 1513 567 1591 Zephyrus
592 1507 703 1572 “dotes
727 1529 920 1590 corrumpere
943 1508 1003 1571 noli

136 1613 189 1661 320
248 1601 314 1680 lpse
338 1596 432 1662 tnas’'
456 1602 549 1661 dixit.
590 1600 643 1660 dos
667 1600 738 1660 mihi
761 1599 825 1659 vilis
850 1607 931 1660 erat.

202 1689 361 1750 Florebant
384 1690 486 1769 oleae,
511 1691 588 1748 venti
612 1705 740 1748 nocuere
764 1690 912 1766 protervi:

248 1776 405 1837 Florebant
428 1785 565 1856 segetes,
589 1777 729 1854 grandine
753 1774 830 1836 laesa
854 1774 962 1836 Ceres:

203 1865 236 1924 ln
260 1884 311 1943 spe
336 1867 403 1924 vitis
427 1871 490 1923 eret
503 1911 511 1942 ‚
535 1864 649 1924 caelum
673 1865 813 1943 nigrescit
836 1862 872 1923 ab
896 1864 1005 1923 austris

248 1952 285 2012 Et
309 1952 405 2012 subita
429 1951 549 2011 lrondes
573 1953 764 2012 decutiuntur
787 1969 877 2029 aqua.

136 2051 189 2099 325
204 2040 264 2099 Nec
288 2040 367 2099 volui
390 2039 475 2118 heri,
500 2058 554 2100 nec
579 2059 645 2100 snm
669 2039 797 2101 crudelis
820 2041 851 2098 in
874 2039 936 2120 ira3

248 2127 323 2187 Cura
348 2125 509 2205 repellendi
533 2128 584 2188 sed
608 2128 680 2188 mihi
704 2127 781 2188 nulla
806 2127 877 2188 fuit.

204 2215 373 2275 Convenere
397 2224 517 2294 patres,
542 2226 571 2276 et
584 2263 593 2297 ‚
617 2219 643 2276 si
665 2216 740 2276 bene
763 2215 867 2276 [loreat
890 2232 1003 2294 annus,

247 2303 424 2364 Numinibus
448 2307 558 2364 nostris
582 2323 677 2364 annua
701 2304 775 2364 festa
798 2312 921 2363 vovent.

204 2393 368 2452 hnnuirnus
392 2400 480 2452 voto.
522 2392 625 2452 consul
649 2411 717 2453 cum
740 2390 861 2452 consule
884 2390 972 2452 ludos

137 2493 190 2541 330
211 2522 220 2529 ν
247 2480 399 2540 Postumio
423 2479 535 2539 Laenas
558 2480 729 2557 persoluere
755 2473 857 2540 mihi.'

205 2568 354 2638 Qtraerere
379 2567 527 2643 conabar,
551 2585 641 2644 quare
665 2567 781 2627 lascivia
804 2568 898 2626 maior

247 2656 300 2717 His
323 2657 400 2716 foret
423 2659 453 2716 in
476 2655 553 2716 ludis
576 2654 755 2733 liberiorque
779 2657 880 2714 iocus.

205 2742 262 2802 Sed
288 2743 358 2802 nihi
382 2746 552 2823 succurrit,
576 2761 685 2802 numen
709 2760 768 2803 non
792 2759 858 2802 esse
882 2759 1039 2823 seuerum,

248 2832 380 2909 Aptaque
405 2831 518 2892 deliciis
542 2849 663 2891 munera
687 2832 765 2891 serre
789 2829 890 2890 deam.

136 2932 188 2980 335
204 2918 349 2997 Tempora
372 2918 509 2978 sutilibus
533 2922 691 2997 cinguntur
715 2927 776 2979 tota
799 2919 936 2999 coronis,
1081 2946 1110 2957 -

248 3006 285 3067 Et
308 3005 379 3066 latet
402 3009 509 3067 iniecta
533 3007 685 3086 splendida
709 3024 810 3067 mensa
832 3023 918 3067 rosa.

203 3094 311 3156 Ebrius
335 3096 472 3155 incinctis
495 3094 608 3175 philyra
632 3097 753 3156 conviva
776 3093 888 3172 capillis

249 3183 364 3263 Sabat,
387 3191 416 3245 et
439 3183 611 3262 inprudens
635 3186 729 3244 utitur
753 3191 815 3242 arte
840 3182 931 3241 meri.

205 3270 312 3331 Ebrius
336 3270 371 3332 ad
395 3271 501 3331 durum
526 3271 671 3332 lorrnosae
695 3271 784 3331 limen
808 3272 918 3330 amicae

137 3370 190 3418 340
249 3358 374 3439 (lentat,
398 3359 506 3420 habent
530 3368 635 3419 unctae
659 3358 755 3419 mollia
779 3367 858 3419 serta
881 3375 1003 3421 comae.

204 3444 289 3504 Nulla
312 3456 450 3507 coronata
473 3454 656 3526 peraguntur
680 3449 757 3507 seria
780 3447 878 3506 fronte
891 3491 901 3527 ,
