2386 3892
78 126 132 179 >IV

93 311 168 351 nem.
225 312 260 351 ea
292 295 339 352 est
370 292 577 351 fideiussorum
609 291 838 367 commendatio,
870 310 929 367 qua
958 293 1104 353 maiorem

94 399 155 438 non
183 380 272 439 multi
305 381 464 456 scriptores
496 381 620 456 habent3
652 380 700 439 cui
728 397 782 437 nec
812 379 837 438 si
864 379 1002 440 adessent
1032 384 1104 441 libri

96 487 155 525 uno
180 471 232 527 aut
251 469 345 527 altero
365 469 482 528 saeculo
500 468 689 542 vetustiores,
712 467 855 526 momenti
872 470 999 528 multum
1020 489 1103 530 ecce-

95 556 164 614 dere
197 575 283 632 posse
313 557 474 632 putaveris.
529 575 616 631 quem
646 554 804 638 admodum
833 558 983 615 saeculum
1011 572 1035 617 x
1065 561 1103 618 ab

94 644 206 702 effrena
224 646 409 703 saeculorum
422 657 458 703 xl
473 648 503 705 et
517 657 567 703 ΧΠ
590 644 818 719 interpolatione
837 645 941 703 abesse
961 646 1101 723 creditur,

95 731 139 790 ita
162 732 325 790 scribarum
348 733 528 807 rusticitate,
556 735 700 807 quantum
718 731 851 806 memini,
878 734 1016 793 convenit
1034 754 1103 794 curn

95 821 219 879 saeculis
241 820 383 895 proximis
407 820 622 896 superioribus,
655 820 828 896 ceteroquin
851 821 986 896 capitalis
1011 814 1101 899 scrip?

95 910 182 966 turae
202 908 382 983 exemplaria
401 927 487 984 saepe
508 909 625 967 secutis.
672 909 715 967 ita
733 908 796 982 ipse
815 907 1006 968 Ponticorum
1025 912 1102 970 liber

94 995 331 1073 Hamburgensis
362 1015 457 1072 neque
489 997 624 1056 bonitate
657 996 871 1071 seripturarum
902 1016 998 1074 neque
1028 1000 1101 1074 ipsis

98 1084 261 1144 scribarum
280 1084 394 1144 mendis
413 1085 501 1161 longe
520 1084 613 1143 distat
631 1102 649 1142 a
667 1085 835 1159 fragmento
855 1083 1101 1164 Guelferbytano,

93 1173 204 1232 veteris
231 1173 356 1232 alicuius
384 1172 562 1232 recensionis
590 1172 740 1248 progenie.
797 1171 941 1247 scriptum
963 1175 1019 1234 hoc
1042 1177 1101 1235 fuit

94 1261 212 1320 saeculo
249 1261 388 1337 septim03
425 1260 596 1319 litteratura
627 1261 724 1320 utitur
760 1260 877 1336 eadem,
914 1281 973 1336 qua
1009 1264 1102 1323 codex

92 1348 256 1424 Augustini
293 1349 512 1409 Bellovecensis
550 1349 620 1407 anni
651 1346 787 1407 DOXXV
820 1342 988 1429 (Ribbeckii
1019 1351 1099 1412 Prol.

94 1436 183 1513 Verg.
207 1458 236 1513 p,
261 1437 339 1516 232)

183 1524 240 1583 Sed
262 1528 364 1583 tamen
386 1525 496 1584 veteris
520 1524 644 1600 originis
672 1524 765 1583 libros
787 1525 841 1582 illa
866 1527 964 1584 aetate
987 1528 1100 1586 multos

94 1613 276 1689 superfuisse
304 1615 357 1671 aut
384 1613 577 1673 intemeratos
606 1612 751 1672 mansisse
777 1631 837 1672 non
863 1613 1017 1688 probabile
1045 1621 1100 1691 est,

4 1736 8 1743 ·
94 1704 252 1776 postquam
275 1700 401 1759 Romani
422 1700 541 1776 imperii
563 1700 649 1767 ruina
671 1701 815 1760 bonarum
838 1702 948 1760 artium
971 1721 1099 1777 proven·

94 1791 160 1846 tum
173 1789 204 1846 in
218 1788 299 1847 Urbe
314 1788 446 1864 obtrivit,
460 1789 491 1848 in
504 1788 663 1864 provinciis
677 1789 827 1864 repressit.
878 1790 1031 1849 barbaries
1046 1791 1101 1850 illa

94 1876 119 1935 si
151 1877 228 1935 forte
255 1880 361 1952 poetae
389 1878 540 1952 exemplar
566 1895 658 1935 unum
688 1876 838 1936 residuum
865 1876 936 1936 fecit
965 1880 1019 1936 aut
1051 1880 1101 1938 de-

94 1965 182 2023 scribi
211 1983 299 2040 passa
325 1968 384 2041 est,
412 1964 443 2023 id
469 1966 547 2040 quod
574 1965 605 2022 in
633 1965 735 2024 multis
759 1965 952 2039 scriptoribus
975 1966 1099 2043 facturn,

93 2071 169 2127 quae
196 2053 311 2128 pridem
337 2053 517 2128 interpolata
539 2053 570 2110 in
594 2071 628 2111 eo
650 2054 784 2128 fuerunt,
811 2055 879 2111 rata
901 2053 1099 2116 habebantur.

182 2141 296 2200 Novem
319 2147 388 2200 sunt
407 2141 533 2216 saecula,
557 2140 664 2215 quibus
684 2139 782 2201 Ovidii
800 2159 944 2217 censores,
969 2142 1101 2203 admira-

93 2233 187 2304 tores,
215 2228 395 2304 imitatores,
422 2247 530 2288 nomen
552 2228 682 2288 mutuati
705 2232 757 2287 aut
780 2229 915 2287 ementiti
936 2248 1101 2305 numquam

93 2318 261 2392 defuerunt,
279 2336 384 2377 versus
402 2317 481 2376 haud
499 2336 567 2376 raro
587 2317 665 2392 apud
684 2316 842 2392 scriptores
857 2337 875 2377 a
888 2317 973 2375 libris
987 2321 1101 2379 nostris

93 2405 294 2481 discrepantes
321 2406 526 2481 proferuntur,
554 2405 606 2464 sed
633 2405 668 2464 de
695 2405 924 2480 interpolatione
947 2424 1006 2464 non
1028 2408 1099 2481 plus

94 2513 183 2568 quam
205 2494 285 2570 apud
305 2494 463 2553 Horatium
485 2493 657 2568 testimonii,
679 2493 942 2569 grammaticorum
965 2496 995 2553 et
1018 2495 1102 2554 litte-

93 2585 227 2640 ratorum
251 2601 338 2642 curae
361 2582 444 2641 nulla
467 2582 530 2641 eius
553 2580 642 2656 modi,
669 2581 715 2640 uti
738 2580 773 2639 de
796 2581 924 2657 Lucano,
947 2581 1100 2660 Iuvenale,

92 2669 204 2728 mentio
228 2673 282 2729 est.
336 2672 366 2728 in
386 2670 471 2745 poesi
487 2670 560 2745 ipsa,
583 2668 768 2745 Helieutiois,
791 2669 979 2744 Heroidibus,
1002 2671 1100 2731 Meta-

92 2757 300 2832 morphosibus
323 2757 561 2832 interpolationis
580 2757 745 2817 rhetoricae
765 2759 818 2816 aut
836 2758 1101 2836 grammaticorum

96 2845 168 2904 setis
190 2845 350 2904 manifesta
373 2849 442 2905 sunt
464 2845 580 2921 indicia,
605 2845 657 2905 sed
679 2846 710 2903 in
732 2846 803 2905 locis
822 2846 894 2921 ipsis
912 2847 1100 2922 gravissimis

93 2934 166 2992 adeo
185 2933 361 2992 indiscretae
381 2953 433 2992 eae
447 2935 654 3010 professiones,
673 2934 803 2994 incertae
817 2937 940 3009 aetates,
958 2935 1100 2996 confusae

93 3022 267 3081 eruditionis
291 3025 322 3081 et
345 3023 478 3082 inscitiae
500 3027 598 3099 notae,
620 3022 697 3080 nihil
719 3026 753 3081 ut
771 3023 938 3098 generatim
957 3024 1101 3083 constitui

93 3114 146 3168 cut
167 3112 199 3168 in
222 3109 309 3169 huius
328 3110 364 3169 de
384 3111 473 3170 tertio
491 3111 640 3172 volumine
659 3110 840 3185 quaestionis
859 3129 946 3169 usum
965 3114 1101 3171 converti

92 3198 196 3272 possit.
249 3217 308 3256 non
335 3199 451 3274 dubito,
479 3199 550 3274 quin
577 3198 613 3257 de
641 3216 675 3256 eo
698 3198 862 3274 cogitatum
885 3199 937 3274 sit,
965 3198 1044 3274 quod
1068 3202 1101 3259 in

92 3285 187 3359 primo
211 3286 359 3344 volumine
382 3287 527 3344 librorum
545 3285 735 3362 egregiorum
753 3284 902 3360 beneficio,
927 3286 952 3344 si
969 3287 1027 3361 ipsi
1046 3291 1099 3347 ad-

93 3375 211 3448 eantur,
243 3373 371 3432 fortasse
398 3374 572 3432 facultatem
599 3374 723 3448 habeat,
753 3376 787 3432 ut
813 3374 890 3431 liber
918 3375 1099 3451 archetypus

92 3461 271 3520 informetur
308 3460 440 3520 eiusdem
472 3461 579 3521 aetatis
612 3479 646 3520 ac
679 3460 874 3521 Lucretianus
907 3462 1098 3541 Lachmanni,
