2386 3892
419 189 450 241 v,
469 191 680 240 moa-war.
1009 191 1050 255 87

135 349 212 420 Ouid
235 348 371 409 Priamus
394 348 490 409 doleat
502 395 511 428 ,
533 349 710 427 mirabitur,
734 349 860 413 Hectore
884 360 988 434 rapto,

138 437 251 508 Quidve
275 436 454 496 Philoctetes
477 438 554 497 ictus
578 436 613 496 ab
638 455 732 516 angue
756 448 869 516 gemat.

137 525 173 584 Di
196 525 328 585 lacerent
351 526 484 603 utinam,
510 524 574 584 talis
597 533 690 587 status
715 534 794 587 esset
815 529 846 587 in
869 528 937 608 illo,

136 613 174 672 Ut
196 630 256 672 non
280 613 416 671 tristitiae
440 630 526 672 causa
550 612 673 672 dolenda
696 613 789 674 loretl

88 713 121 760 15
136 700 206 759 Fert
229 707 350 776 tamen,
373 706 406 759 ut
429 699 538 779 debet,
561 717 646 760 casus
669 703 815 778 patienter
839 720 969 783 amaros,

136 788 216 847 More
240 804 295 846 nec
318 786 453 846 indomiti
476 787 559 846 irena
581 795 699 847 recusat
722 790 807 865 eqni.

136 875 196 934 Neo
219 875 283 933 lore
306 881 479 952 perpetuam
503 882 602 952 sperat
624 874 680 934 sibi
704 877 832 935 numinis
855 876 946 956 iram,

136 962 294 1042 Conscius,
320 963 351 1020 in
374 961 460 1039 culpa
483 979 541 1021 non
565 962 662 1023 scelus
685 980 751 1023 esse
775 981 843 1023 sua.

137 1049 229 1128 Saepe
254 1050 368 1130 refert,
392 1051 431 1108 sit
453 1057 560 1126 quanta
584 1050 631 1109 dei
655 1050 809 1111 clementia
822 1098 831 1131 ,
854 1053 939 1112 cuius

87 1149 122 1196 20
138 1137 175 1196 Se
199 1155 317 1215 quoque
340 1138 370 1196 in
394 1137 535 1215 exemplis
558 1136 751 1198 adnumerare
774 1138 866 1199 solet:

136 1225 229 1303 Nam,
254 1223 332 1301 qnod
355 1241 427 1302 opes
450 1232 548 1284 teneat
570 1227 697 1303 patrias,
721 1225 799 1302 quod
819 1229 935 1286 nomina
959 1227 1049 1305 civis,

137 1311 268 1390 Denique
293 1311 371 1389 quod
395 1313 492 1389 vivat,
516 1329 624 1371 munus
646 1311 755 1372 habere
778 1312 842 1372 dei.

136 1399 177 1458 Te
200 1407 321 1479 tamen,
344 1416 384 1479 o,
407 1399 504 1476 siquid
528 1399 624 1458 credis
647 1399 719 1458 mihi
732 1445 740 1479 ,
764 1401 860 1465 carior
882 1399 923 1459 illi

138 1485 303 1565 Omnibus,
326 1487 357 1546 in
382 1494 443 1547 toto
466 1494 586 1565 pectore
611 1504 727 1565 semper
750 1486 854 1548 habet:

88 1585 122 1633 as
137 1574 237 1652 Teque
261 1573 485 1652 Menoetiaden,
509 1582 561 1654 te,
584 1577 635 1651 qui
658 1576 814 1634 comitatus
838 1573 991 1653 Orestem,

136 1661 178 1720 Te
202 1669 286 1720 vocat
307 1660 437 1738 Aegiden
461 1660 679 1739 Euryalumque
703 1680 806 1722 sunm.

136 1747 197 1808 Nec
219 1750 344 1826 patriam
367 1750 459 1826 magis
482 1748 531 1808 ille
555 1767 637 1809 suam
661 1749 808 1810 desiderat
831 1757 861 1811 et
884 1767 959 1828 qnae

136 1834 264 1895 Plurima
288 1853 355 1896 cum
378 1839 471 1915 patria
495 1839 584 1896 sentit
608 1836 711 1897 abesse
735 1836 808 1916 sibi,

138 1920 230 1991 Quam
253 1922 351 1983 vultus
374 1924 534 2002 oculosque
559 1932 648 2004 tuos,
672 1943 688 1983 o
713 1924 826 1984 dulcior
848 1923 898 1984 illo

87 2022 121 2069 30
137 2009 220 2070 Melle
233 2057 242 2091 ,
266 2011 343 2088 quod
367 2013 398 2071 in
421 2014 497 2071 ceris
520 2012 616 2071 Attica
638 2015 721 2091 ponit
744 2013 823 2089 apis.

140 2097 231 2176 Saepe
256 2100 343 2158 etiam
368 2115 501 2159 maerens
524 2107 642 2178 tempus
665 2101 865 2159 reminiscitur
888 2099 976 2178 illud,

141 2184 223 2254 Quod
247 2202 306 2244 non
329 2194 520 2263 praeventum
544 2195 638 2247 morte
663 2187 753 2247 inisse
776 2186 873 2266 dolet3

138 2271 269 2350 Cumque
293 2272 342 2331 alii
365 2274 500 2351 tugerent
524 2273 637 2334 subitae
662 2276 794 2352 contagia
818 2273 925 2355 cladis,

138 2359 196 2420 Neo
220 2359 328 2418 vellent
350 2363 424 2420 ictae
448 2361 537 2420 limen
560 2362 640 2420 adire
665 2360 786 2440 domus,

89 2459 123 2505 35
138 2447 178 2506 Te
203 2446 259 2507 sibi
282 2464 349 2507 cum
372 2451 473 2526 paucis
496 2449 629 2507 meminit
652 2450 794 2507 mansisse
818 2447 952 2525 fidelem,

138 2534 168 2594 Si
191 2552 300 2613 paucos
324 2534 427 2613 aliquis
450 2544 546 2596 tresve
571 2535 681 2594 duosve
704 2542 805 2594 vocat.

138 2622 275 2692 Quamvis
298 2625 461 2702 attonitus,
484 2625 576 2683 sensit
599 2631 697 2683 tamen
721 2623 841 2702 omnia,
864 2640 920 2684 neo
942 2632 972 2684 te

137 2708 174 2768 Se
197 2712 296 2769 minus
320 2709 449 2770 adversis
472 2711 632 2772 indoluisse
655 2712 734 2771 suis.

135 2794 229 2856 Verba
253 2797 328 2857 solet
349 2797 521 2876 vultumque
544 2807 627 2859 tuum
652 2800 837 2878 gemitusque
861 2801 992 2880 referre,

89 2895 122 2943 40
137 2882 173 2944 Et
196 2892 226 2944 te
249 2884 339 2944 llente
362 2903 432 2946 suos
455 2885 618 2947 emaduisse
643 2890 744 2948 sinus:

135 2970 228 3040 Onam
252 2970 309 3032 sibi
331 2975 535 3054 praestiteris,
559 2991 616 3052 qua
639 2976 806 3037 consolatus
830 2978 955 3036 amioum

137 3058 183 3118 Sis
207 3076 286 3138 ope,
309 3060 446 3120 solandus
470 3078 537 3121 cum
561 3063 647 3122 simul
670 3065 733 3142 ipse
757 3065 853 3123 iores.

135 3145 192 3206 Pro
217 3146 324 3224 quibus
348 3149 473 3208 affirmat
496 3149 559 3208 iore
583 3167 614 3209 se
637 3167 857 3227 memoremque
885 3151 1049 3228 piumque,

136 3233 203 3295 Sive
227 3236 304 3294 diem
328 3236 422 3295 rideat
435 3284 444 3315 ,
467 3238 527 3296 sive
551 3244 668 3314 tegatur
690 3238 802 3317 humo,

88 3330 120 3379 45
136 3320 191 3381 Per
215 3330 303 3400 caput
326 3325 388 3402 ipse
413 3342 499 3384 sunm
523 3324 627 3384 solitus
650 3327 748 3384 iurare
771 3333 933 3401 tuumque,

137 3408 221 3478 Quod
245 3411 306 3470 scio
329 3429 389 3471 non
412 3411 453 3471 illi
477 3411 563 3472 vilius
587 3428 652 3470 esse
676 3428 748 3470 sno.

135 3495 225 3557 Plena
247 3506 291 3558 tot
313 3516 347 3559 ac
370 3501 459 3560 tantis
483 3500 630 3558 referetur
654 3500 746 3576 gratia
769 3498 870 3577 lactis,
