2386 3892
92 191 157 258 134
498 193 548 244 nx
565 193 685 245 rouro

130 368 163 420 tc
177 356 236 418 Per
259 363 374 418 tantum
397 364 517 436 terrae,
540 363 585 417 tot
607 372 698 435 aquas
722 357 769 416 vix
794 354 1059 436 crederepossum

222 445 367 507 Indicium
390 444 482 505 studii
504 441 689 504 transiluisse
712 445 788 505 mel.

177 532 269 612 Finge
292 532 372 615 legi,
396 533 533 611 quodque
557 539 603 592 est
624 530 780 613 mirabile,
803 531 881 610 finge
904 530 1039 612 placere:

221 621 380 682 Auctorem
404 627 486 681 certe
509 637 558 680 res
580 621 661 680 iuvat
683 621 740 680 ista
762 618 854 681 nihil.

178 707 256 781 Quid
279 709 334 770 tibi
346 756 357 790 ‚
379 710 405 769 si
428 707 543 787 calida,
565 708 683 788 prosit,
705 705 826 769 laudere
850 706 964 788 Syene,

129 808 163 859 80
221 797 280 858 Aut
301 796 354 858 ubi
376 795 571 876 Taprobanen
595 795 695 856 Indica
718 797 810 876 cingit
833 791 935 875 aqua?

180 883 288 962 [Altius
311 887 356 946 ire
379 879 481 945 libet?
513 886 539 944 si
562 890 591 944 te
616 883 754 946 distantia
777 882 863 962 longe

222 972 373 1034 Pleiadum
396 971 517 1032 laudent
540 973 644 1052 signa,
667 971 738 1051 quid
761 969 831 1033 inde
854 968 974 1055 lerasl]

178 1059 236 1121 Sed
261 1077 357 1138 neque
379 1062 520 1138 pervenio
544 1061 663 1139 scriptis
686 1059 886 1121 mediocribus
910 1062 1004 1138 istuc,

222 1147 369 1227 Famaque
393 1166 461 1208 cum
485 1147 603 1208 domino
627 1147 703 1226 lugit
720 1147 761 1232 ⁴ab
784 1146 865 1209 Urbe
888 1165 960 1209 suo.
991 1140 995 1145 ’

129 1248 163 1298 85
178 1234 312 1318 Vosque,
327 1236 435 1316 quibus
448 1237 525 1316 perii
533 1282 542 1316 ,
557 1242 629 1297 tunc
648 1253 717 1297 cum
731 1253 796 1297 mea
814 1236 891 1299 lama
910 1234 1023 1316 sepulta
1037 1242 1098 1314 est,

220 1323 306 1388 Nunc
329 1341 448 1405 quoque
472 1323 509 1385 de
532 1332 634 1385 nostra
655 1331 750 1386 morte
774 1330 873 1386 tacere
897 1341 983 1386 reor.

505 1491 511 1503 '
562 1515 622 1589 vr.

179 1673 315 1755 Ecquid,
337 1683 373 1736 ut
395 1675 561 1736 audisti-
584 1692 651 1735 nom
675 1682 704 1736 te
729 1673 844 1735 diversa
867 1673 988 1737 tenebat

222 1763 315 1824 'l'erra
338 1796 374 1806 -
396 1780 478 1824 meos
502 1780 610 1843 casus,
634 1779 686 1824 cor
708 1762 764 1824 tibi
786 1765 872 1823 triste
895 1759 978 1825 luit?

179 1848 352 1912 Dissimules
374 1859 548 1930 metuasque
570 1849 641 1911 licet
653 1896 662 1930 ,
686 1848 850 1930 Graecine,
874 1851 977 1932 lateri3

223 1937 255 1999 Si
278 1939 353 2000 bene
377 1946 406 2000 te
430 1940 498 1999 novi
510 1984 519 2018 ,
543 1940 628 1999 triste
651 1938 744 1999 luisse
767 1937 876 2016 liquet.

149 2025 244 2087 oNon
267 2026 345 2087 cadit
367 2028 399 2087 in
421 2044 520 2086 mores
543 2026 645 2086 feritas
667 2024 831 2087 inamabilis
854 2029 947 2106 istos,

222 2112 284 2174 Nec
306 2115 405 2175 minus
429 2132 445 2174 a
468 2113 574 2175 studiis
598 2113 721 2175 dissidet
743 2113 792 2174 illa
814 2116 893 2176 tuis.
1062 2120 1111 2167 ²2)

179 2200 301 2263 Artibus
323 2203 482 2282 ingenuiS,
506 2220 631 2280 quarum
654 2201 709 2262 tibi
731 2203 856 2263 maxima
879 2219 951 2263 cura
974 2208 1037 2282 est,

222 2290 347 2351 Pectora
370 2288 547 2351 mollescunt
570 2291 771 2368 asperitasque
794 2291 888 2367 fugit.

178 2376 239 2439 Nec
262 2380 419 2458 quisquam
442 2377 563 2438 meliore
586 2377 644 2437 fide
669 2375 875 2456 complectitur
898 2376 980 2458 illas,

133 2478 165 2527 10
223 2464 286 2537 Qua
310 2469 381 2528 sinit
402 2466 533 2527 officium
555 2464 736 2544 militiaeque
758 2464 859 2527 labor.

179 2553 266 2616 Certe
289 2573 344 2633 ego
367 2572 435 2615 cum
453 2555 583 2633 primum
601 2554 686 2632 potui
709 2555 820 2614 sentire
839 2553 910 2632 quid
934 2571 1049 2633 essem,
1063 2576 1111 2595 „-

224 2641 297 2703 Nam
320 2644 377 2703 luit
400 2643 524 2702 attonito
548 2658 631 2702 mens
654 2640 728 2701 mihi
750 2640 830 2703 nulla
854 2642 905 2703 diu
922 2675 959 2687 -

179 2728 242 2792 Hoc
265 2747 384 2808 quoque
407 2730 543 2789 fortunae
566 2731 647 2790 sensi
659 2774 668 2808 ,
692 2728 771 2808 quod
794 2731 907 2790 amicus
929 2728 1073 2811 abesses,

223 2816 281 2888 Qui
304 2817 375 2876 mibi
398 2816 579 2896 praesidium
602 2816 712 2896 grande
736 2816 856 2879 iuturus
879 2835 965 2879 eras.

133 2915 165 2966 15
180 2903 291 2965 Tecum
314 2912 386 2964 tunc
410 2902 533 2965 aberant
555 2922 659 2983 aegrae
682 2903 788 2965 solacia
811 2907 938 2987 mentis,

222 2991 385 3071 Magnaque
408 3009 477 3070 pars
500 2993 590 3053 animi
613 2991 787 3072 consiliique
810 2995 887 3054 mei.

178 3080 216 3141 At
238 3097 335 3161 nunc,
359 3079 438 3159 quod
457 3088 611 3160 superest,
634 3081 681 3142 fer
699 3097 805 3160 opem,
828 3098 959 3160 precor,
983 3083 1111 3143 eminus

725 3185 832 3248 unam,

222 3255 417 3336 Alloqnioque
440 3258 507 3317 iuva
529 3263 651 3336 pectora
674 3264 774 3317 nostra
797 3263 867 3338 tuo,

179 3344 281 3425 Quae,
305 3362 364 3405 non
387 3343 522 3405 mendaci
546 3347 571 3405 si
595 3346 753 3424 quicquam
776 3344 875 3406 credis
898 3346 1010 3426 amico,

131 3441 164 3491 20
224 3431 320 3493 Stulta
343 3435 435 3511 magis
459 3432 541 3513 dici,
565 3450 652 3511 quam
677 3431 842 3514 scelerata,
865 3433 968 3496 decet.

178 3519 239 3580 Nec
262 3519 374 3599 breve,
397 3537 453 3582 nec
477 3527 597 3602 tutum,
620 3522 736 3600 peccati
758 3538 834 3599 quae
858 3523 898 3583 sit
919 3523 1020 3602 origo,
