2386 3892
143 181 186 245 22
559 179 731 230 rursrruu

232 345 264 404 Si
287 361 339 423 spe
363 350 453 422 sunt,
476 347 511 402 ut
534 335 625 422 sunt,
647 340 789 401 inferiora
811 349 870 402 tua.

230 431 296 491 Non
314 432 387 490 haec
406 432 436 489 in
456 431 584 509 nostris,
607 435 641 488 ut
659 427 825 509 quondam,
849 431 1023 507 scripsimus
1037 429 1146 510 hortis,
1189 482 1191 487 .

231 518 314 599 Nec,
337 525 501 597 consuete,
525 533 624 576 meum
636 561 645 596 ,
668 515 798 596 lectule,
821 534 931 594 corpus
954 516 1064 578 habes.

231 607 328 667 lactor
349 608 380 666 in
404 605 546 665 indomito
569 602 696 664 brumali
719 604 785 664 luce
808 604 975 684 profundo,

183 707 217 756 40
232 695 358 774 Ipsaque
381 691 525 753 caeruleis
549 690 650 752 charta
673 691 781 751 teritur
804 694 905 770 aquis.

231 780 367 860 Improba
389 787 501 859 pugnat
523 779 618 840 hiems
640 778 893 858 indignaturque,
917 780 996 858 quod
1020 782 1114 841 ausim

233 868 371 931 Scribere
395 887 427 928 se
450 866 560 946 rigidas
583 869 746 927 incutiente
770 869 880 928 minas.
1050 924 1053 931 .

231 957 334 1017 Vincat
352 956 446 1016 hiems
464 953 630 1016 hominem!
654 954 706 1015 sed
725 954 829 1015 eodem
847 962 1000 1039 tempore,
1025 971 1148 1036 quaeso,

232 1045 298 1124 lpse
322 1044 442 1104 modum
465 1051 591 1103 statuam
614 1044 775 1123 carminis,
797 1041 846 1103 illa
870 1044 933 1103 sui.

438 1227 576 1310 LIBllR
603 1226 854 1312 SECUNDUS.

233 1393 309 1465 Quid
332 1393 405 1454 mihi
427 1392 580 1453 vobiscum
603 1399 649 1452 est
661 1438 670 1473 ,
693 1381 795 1453 infelix
819 1410 891 1453 cura
903 1437 912 1472 ,
935 1391 1044 1472 libelli,

233 1483 350 1559 lngenio
373 1483 450 1561 perii
472 1483 524 1560 qui
547 1482 638 1541 miser
659 1483 724 1558 ipse
747 1476 839 1541 meo?

234 1569 294 1629 Cur
316 1569 404 1629 modo
427 1568 576 1628 damnatas
599 1575 724 1647 repeto,
747 1585 813 1628 mea
835 1569 981 1644 crimina,
1003 1564 1131 1630 Musas?

233 1657 278 1715 An
301 1655 391 1716 semel
415 1664 462 1716 est
483 1673 606 1734 poenam
631 1658 842 1716 commeruisse
864 1652 996 1734 parum?

204 1743 370 1804 oCarmina
392 1744 528 1804 lecerunt
540 1789 548 1823 ,
576 1752 610 1804 ut
632 1761 679 1804 me
703 1760 882 1821 cognoscere
904 1743 993 1804 vellet

234 1832 338 1891 Omine
362 1849 422 1891 non
445 1831 541 1891 lausto
564 1831 673 1891 femina
696 1833 799 1910 virque
824 1848 908 1893 meo:

235 1918 370 1979 Carmina
392 1919 528 1979 lecerunt
540 1967 549 2000 ,
572 1927 607 1979 ut
628 1936 675 1978 me
698 1936 856 1997 moresque
879 1927 996 1982 notaret

233 2008 294 2066 lam
317 2006 435 2068 demum
458 2009 519 2066 visa
543 2005 649 2067 Caesar
672 2004 708 2066 ab
731 2006 802 2066 Arte
825 2024 907 2067 mea.

233 2094 323 2154 Deme
346 2094 418 2155 mihi
442 2094 594 2174 studium,
621 2096 696 2153 vitae
720 2111 839 2173 quoque
862 2096 985 2156 crimina
1009 2095 1129 2157 demes.

187 2194 220 2243 10
234 2184 395 2261 Acceptum
419 2181 517 2242 refero
540 2181 697 2261 versibus,
720 2198 786 2242 esse
809 2200 937 2242 nocens.

235 2270 297 2330 Hoc
319 2273 449 2348 pretium
472 2287 561 2330 curae
584 2267 828 2347 vigilatorumque
850 2268 986 2331 laborum

234 2358 394 2436 Cepimus.
426 2360 544 2436 ingenio
569 2363 614 2417 est
636 2374 731 2435 poena
753 2365 872 2436 reperta
895 2375 979 2418 mco.

234 2445 267 2506 Si
290 2463 445 2527 saperem,
468 2445 570 2506 doctas
592 2445 721 2505 odissem
743 2446 809 2505 iure
833 2463 970 2528 sorores,

233 2534 361 2595 Numina
384 2532 492 2594 cultori
515 2534 681 2611 perniciosa
704 2551 776 2594 suo.

188 2633 220 2682 15
234 2623 271 2681 At
295 2640 375 2682 nunc
393 2653 438 2665 -
460 2628 541 2681 tanta
565 2638 631 2681 meo
655 2638 754 2680 comes
778 2629 824 2681 est
847 2623 962 2681 insania
985 2620 1092 2683 morbo
1112 2652 1150 2666 -

235 2708 310 2768 Saxa
333 2708 441 2768 malum
463 2707 562 2769 resero
585 2726 691 2769 rursus
714 2708 749 2768 ad
772 2710 829 2769 ista
850 2707 974 2787 pedem:

236 2795 356 2855 Scilicet
378 2805 412 2856 ut
434 2797 529 2856 victus
552 2799 661 2874 repetit
683 2795 825 2875 gladiator
847 2796 1006 2877 harenam,

235 2882 273 2943 Et
295 2883 374 2943 redit
395 2885 426 2943 in
449 2883 575 2944 tumidas
598 2884 738 2961 naufraga
760 2886 869 2963 puppis
892 2901 1000 2962 aquas.

234 2970 390 3051 Forsitan,
413 2979 448 3032 ut
470 2972 617 3050 quondam
640 2971 833 3033 Teuthrantia
856 2989 947 3050 regna
969 2974 1104 3054 tenenti,
1144 3002 1146 3006 ’

187 3071 221 3120 20
236 3059 285 3119 Sic
308 3059 380 3119 mihi
402 3077 451 3120 res
475 3058 577 3120 eadem
601 3060 706 3121 vulnus
729 3077 875 3139 opemque
899 3060 993 3139 leret,

234 3146 398 3229 Musaque,
422 3165 510 3227 quam
532 3149 623 3208 movit
635 3195 644 3228 ,
671 3155 781 3207 motam
805 3165 923 3226 quoque
946 3146 1038 3208 leniet
1060 3149 1152 3208 iram:

234 3234 364 3296 Exorant
386 3253 508 3314 magnos
532 3237 661 3296 carmina
684 3253 771 3315 saepe
795 3235 885 3295 deos.

235 3323 300 3400 lpse
324 3342 442 3403 quoque
466 3323 610 3384 Ausonias
634 3322 741 3383 Caesar
764 3331 932 3402 matresque
958 3338 1111 3400 nurusque

234 3409 369 3470 Carmina
392 3414 557 3489 turrigerae
581 3409 679 3471 dicere
702 3412 790 3471 iussit
813 3409 887 3489 0pi.

186 3508 220 3557 25
234 3495 365 3557 Iusserat
387 3506 418 3558 et
440 3498 560 3558 Phoebo
584 3498 659 3578 dici,
683 3516 741 3576 quo
765 3507 898 3577 tempore
921 3497 1008 3558 ludos
