2386 3892
415 185 460 238 iv,
480 187 627 237 aci-cos.
959 182 1019 248 301

111 347 243 425 luppiter
266 348 341 408 banc
364 347 458 427 lenit,
482 348 649 427 laetumque
665 358 795 410 ,excusat
817 365 935 426 amore,

156 432 232 495 ‘Nec
255 455 346 511 gener
369 446 414 495 est
437 435 522 495 nobis
545 436 594 495 ille
617 430 789 513 pudendus'
813 438 870 495 alt.

112 518 191 582 ‘Non
216 541 270 601 ego
293 523 441 583 nobilior:
474 526 569 601 posita
593 533 639 583 est
661 523 733 582 mibi
756 526 835 601 regia
859 522 958 600 caelo,

66 624 95 670 to
155 612 289 670 Possidet
313 613 385 671 alter
409 629 499 689 aquas
512 657 521 689 ‚
545 611 617 670 alter
641 613 726 670 inane
751 612 856 671 cbaos.

113 699 170 758 Sed
194 703 218 758 si
242 700 317 759 lorte
341 699 394 758 tibi
419 716 477 757 non
501 705 546 757 est
570 698 708 758 mutabile
732 708 852 778 pectus,

156 787 300 867 Statque,
324 786 415 846 semel
437 788 530 845 iuncti
554 803 692 863 rumpere
716 785 808 845 vincla
832 787 908 863 tori,

111 874 173 934 Hoc
197 894 315 952 quoque
340 882 539 953 temptemus,
563 873 708 951 siqnidem
731 875 829 933 ieiuna
853 874 1011 952 remansit3

157 962 187 1021 Si
211 966 307 1021 minus
321 1010 329 1042 ‚
353 963 459 1022 inicrni
484 964 618 1039 coniugis
642 979 716 1020 uror
740 955 830 1020 erit.'

66 1063 95 1111 35
112 1051 232 1109 Tartara
256 1054 354 1111 lussus
378 1052 438 1110 adit
461 1053 586 1127 sumptis
610 1049 764 1110 Caducifer
788 1049 858 1131 alis,

156 1138 273 1215 Speque
297 1138 373 1198 redit
396 1141 484 1198 citius
507 1142 626 1216 visaque
650 1147 730 1197 certa
754 1139 862 1197 relert:

112 1222 219 1302 ‘Rapta
245 1222 354 1284 tribus'
374 1226 452 1284 dixit
475 1222 577 1285 ‘solvit
600 1229 708 1285 ieiunio
732 1229 849 1304 granis,

155 1313 266 1372 Punica
290 1332 364 1389 quae
388 1313 466 1372 lento
491 1315 601 1373 cortice
625 1331 711 1390 poma
734 1308 867 1390 tegunt?

112 1401 195 1458 llaud
219 1419 306 1460 secus
329 1400 475 1479 indoluit,
499 1418 586 1477 quam
610 1403 635 1459 si
659 1400 745 1460 modo
769 1409 851 1478 rapta
875 1400 996 1479 luisset,

67 1502 96 1548 ro
156 1488 265 1548 lllaesta
289 1506 415 1566 parens,
442 1487 527 1566 longa
551 1490 656 1566 vixque
681 1489 791 1548 reiecta
814 1505 895 1546 mora
919 1496 980 1547 est.

112 1578 206 1653 illique
231 1580 269 1636 ita
295 1573 364 1635 ‘nec
389 1575 472 1634 nobis
496 1575 609 1635 caelum
633 1585 678 1635 est
701 1575 856 1634 habitabile
872 1569 895 1634 l'
919 1574 991 1634 dixit

158 1663 314 1723 ‘Taenaria
338 1665 430 1742 recipi
454 1682 501 1722 me
525 1682 641 1742 quoque
666 1663 738 1723 valle
762 1659 867 1723 iube:'

113 1753 150 1810 lit
174 1754 283 1811 lactura
308 1753 363 1811 luit
376 1800 385 1830 ‚
408 1760 512 1828 placius
536 1754 593 1811 nisi
616 1751 748 1830 luppiter
772 1760 866 1832 esset,

159 1839 206 1897 Bis
231 1841 324 1899 tribus
349 1851 381 1899 ut
404 1839 483 1899 caclo
508 1839 659 1900 mensibus
683 1839 730 1900 illa
754 1840 848 1900 loret.

66 1941 95 1986 15
112 1927 186 1986 'l'um
210 1927 325 1988 demum
351 1927 518 2007 voltumque
542 1927 633 1988 Ceres
656 1930 844 2007 animumque
868 1910 997 2006 recepit,

155 2015 356 2093 Imposuitque
380 2034 450 2076 suac
475 2019 572 2094 spicea
596 2025 674 2076 serta
698 2035 816 2077 comae:

113 2103 262 2180 Largaque
286 2106 422 2181 provenit
445 2106 566 2163 cessatis
590 2107 695 2164 messis
717 2107 749 2164 in
772 2105 849 2163 arvis
857 2151 866 2183 ,

156 2191 192 2248 Et
217 2193 261 2248 vir
286 2199 440 2266 congestas
463 2208 530 2248 area
554 2194 632 2267 cepit
654 2209 744 2268 opes.

111 2278 182 2336 liba
207 2277 312 2337 decent
336 2276 495 2336 Cererem:
528 2279 618 2335 vestis
641 2275 803 2336 Cerialibus
826 2276 905 2337 albas

66 2380 97 2426 ao
157 2366 291 2445 Sumite3
316 2382 394 2425 nunc
418 2362 491 2442 pulli
515 2363 629 2422 velleris
653 2380 726 2423 usus
749 2362 849 2423 abest.

334 2519 383 2582 13.
408 2515 719 2581 GEID·N³nvn1

112 2646 243 2724 Occupat
266 2646 373 2725 bprdis
397 2644 466 2704 ldus
490 2646 664 2723 cognomine
687 2642 787 2703 Victor

155 2735 307 2812 luppiter.
350 2734 403 2794 bac
428 2732 469 2793 illi
493 2741 562 2793 sunt
585 2733 650 2792 data
674 2731 782 2810 templa
805 2731 870 2791 die.

113 2821 172 2878 Hac
196 2840 312 2901 qnoque
325 2869 333 2902 ,
358 2824 389 2880 ni
411 2820 495 2880 fallor
508 2867 517 2900 ,
540 2820 648 2898 populo
672 2818 842 2898 dignissima
865 2826 967 2880 nostro

156 2906 236 2965 Atria
259 2907 393 2970 Libertas
417 2911 515 2986 coepit
537 2907 645 2968 habere
670 2928 738 2970 sua.

400 3064 449 3127 14.
472 3061 651 3128 HNnvni

66 3201 97 3247 25
114 3186 192 3246 Luco
217 3194 354 3246 secutura
377 3196 457 3249 tutos
480 3197 571 3268 pete,
594 3192 712 3268 navita,
735 3195 858 3266 portus:

156 3273 266 3331 Ventus
290 3272 325 3332 ab
349 3292 454 3336 occasu
478 3276 619 3354 grandine
643 3278 751 3335 mixtus
775 3275 848 3333 erit.

113 3361 232 3420 Scilicet
255 3362 421 3442 diluerit,
444 3371 542 3423 tamen
565 3363 619 3422 bac
638 3362 815 3422 Mutinensia
839 3360 944 3421 Caesar

157 3448 302 3508 Grandine
327 3450 428 3529 militia
451 3450 578 3528 perculit
601 3468 681 3510 arma
704 3467 774 3510 sua.
