2386 3892
435 177 484 228 111.
504 179 655 229 1112-84.

181 340 355 401 Consortem
377 340 489 400 Phoebi
512 358 586 419 gens
609 340 679 400 coiit
702 341 751 401 ilia
774 342 875 401 deam.

138 428 257 507 Templa
281 437 400 488 manent
423 428 509 488 hodie
534 430 623 489 vastis
646 431 745 489 innixa
769 429 931 509 columnis,

88 530 124 577 50
181 517 297 594 Perque
321 526 426 594 qnater
449 516 541 577 denos
564 519 625 576 itur
648 520 678 576 in
702 518 750 578 iiia
775 517 900 595 gradus.

138 605 225 665 Fama
249 606 342 664 reiert
363 605 423 664 illic
447 607 563 682 signum
588 605 713 665 caeleste
738 606 847 666 inisse:

181 692 304 771 Quoque
329 696 425 753 minus
449 692 588 771 dubites,
612 701 670 752 stat
693 692 771 753 basis
794 687 962 755 orha'dca:

137 783 274 860 Araque,
298 800 372 859 qnae
397 782 492 841 inerat
515 790 620 840 natura
645 780 767 840 candida
791 784 870 855 saxi,

180 869 430 929 Decolor¹adiuso
455 872 546 929 tincta
569 887 676 929 cruore
699 869 805 929 rubet.

92 970 124 1017 55
140 957 259 1017 Femina
283 976 365 1017 sacra
390 959 458 1017 iacit
482 957 583 1017 taedae
607 975 667 1017 non
689 967 759 1018 nota
782 957 889 1037 iugali,

181 1045 260 1115 Quae
285 1053 406 1124 superat
429 1045 580 1124 Scythicas
604 1045 756 1106 nobilitate
781 1064 892 1106 nurus.

129 1133 271 1200 ‚Sacrifici
293 1152 387 1213 genus
411 1141 457 1193 est
470 1181 478 1213 ,
502 1136 544 1194 sic
567 1136 723 1195 instituere
746 1137 879 1214 priores,

182 1223 298 1282 Advena
322 1224 454 1299 virgineo
478 1240 582 1282 caesus
606 1231 640 1281 ut
663 1240 733 1282 ense
757 1222 858 1282 cadat.

138 1310 235 1388 Regna
260 1311 377 1369 Thoans
400 1309 503 1370 habuit
525 1310 669 1369 Maeotide
694 1309 790 1370 clarus
813 1312 844 1369 in
867 1327 937 1389 ora,

92 1411 124 1457 50
182 1399 242 1459 Nec
267 1400 322 1459 init
344 1397 468 1458 Euxinis
492 1401 589 1458 notior
613 1397 686 1457 alter
710 1399 811 1475 aquis.

139 1486 261 1565 Sceptra
285 1496 403 1547 tenente
427 1486 476 1546 iilo
500 1485 625 1563 liquidas
649 1487 755 1545 iecisse
779 1503 832 1564 per
855 1501 942 1544 auras

182 1575 288 1635 Nescio
313 1592 401 1653 qnam
424 1574 526 1634 dicunt
549 1572 720 1651 Iphigenian
744 1575 818 1654 iter,

140 1663 231 1733 Quam
255 1663 368 1723 levibus
392 1665 487 1722 ventis
511 1661 566 1721 sub
590 1661 668 1722 nnhe
693 1680 746 1741 per
769 1668 836 1722 aera
861 1669 973 1721 vectam

183 1750 320 1811 Creditur
343 1751 389 1809 his
412 1749 530 1809 Phoebe
554 1749 727 1828 deposuisse
751 1751 844 1811 iocis.

91 1851 123 1898 55
138 1840 308 1898 Praeiuerat
331 1839 440 1916 templo
464 1837 571 1898 multos
595 1856 630 1898 ea
652 1840 708 1898 rite
732 1856 786 1916 per
809 1856 919 1918 annos,
1007 1849 1051 1898 (8²)

182 1926 273 1987 invita
297 1944 441 2004 peragens
465 1929 561 1986 tristia
584 1944 667 1986 sacra
691 1944 797 1987 manu:

139 2015 211 2074 Cum
235 2015 294 2073 duo
317 2014 436 2073 velifera
459 2017 581 2074 iuvenes
605 2032 712 2074 venere
737 2017 854 2093 carina,

182 2104 418 2179 Presseruntque
442 2120 496 2161 suo
520 2103 606 2162 litora
629 2111 730 2161 nostra
754 2100 849 2178 pede.

139 2191 194 2249 Par
217 2192 274 2249 suit
295 2189 342 2248 his
366 2198 445 2248 aetas
468 2196 498 2248 et
521 2207 602 2247 amor
615 2236 624 2267 ,
648 2206 775 2266 quorum
799 2188 872 2248 aiter
896 2188 1034 2267 Orestes,

93 2290 125 2337 70
183 2278 236 2336 Ast
258 2276 381 2355 Pylades
405 2275 500 2335 aiter.
542 2278 660 2335 nomina
683 2276 758 2334 sama
782 2284 880 2335 tenet,

139 2367 277 2425 Protinus
300 2366 433 2424 inmitem
457 2362 572 2422 Triviae
597 2363 746 2422 ducuntur
769 2362 804 2421 ad
828 2380 923 2444 aram,

183 2454 298 2513 Evincti
321 2454 452 2531 geminas
475 2450 510 2510 ad
534 2468 587 2509 sua
610 2458 693 2526 terga
717 2467 837 2509 manus.

140 2542 256 2619 Spargit
279 2559 353 2618 aqna
378 2549 479 2618 captos
502 2538 616 2599 lustrali
639 2537 725 2597 Graia
749 2536 904 2616 sacerdos,

182 2629 297 2689 Ambiat
320 2638 354 2688 ut
377 2628 469 2688 fulvas
492 2627 584 2688 iniuia
608 2627 692 2704 ionga
716 2643 831 2686 comas.

93 2729 125 2777 75
139 2718 273 2796 Dumque
297 2724 381 2795 parat
405 2734 543 2797 sacrum,
567 2715 636 2776 dum
661 2714 736 2775 velat
759 2724 892 2792 tempora
915 2715 1012 2795 vittis,

181 2806 256 2865 Dum
280 2805 380 2865 tardae
404 2822 507 2864 causas
529 2806 641 2864 invenit
663 2806 726 2882 ipsa
750 2821 866 2879 morae,

139 2889 230 2952 “Non
255 2911 309 2971 ego
333 2893 484 2972 crudelis,
506 2894 650 2953 invenes:
673 2895 817 2970 ignoscite
831 2887 867 2952 !''
891 2891 965 2951 dixit

183 2977 303 3041 “Sacra
326 3000 380 3041 suo
404 2982 478 3040 iacio
502 2978 671 3040 barbariora
694 2980 774 3040 loco.

137 3070 222 3129 Ritus
245 3072 271 3129 is
295 3078 341 3130 est
363 3072 480 3148 gentis.
522 3086 579 3146 qua
603 3086 654 3127 vos
677 3075 775 3128 tamen
799 3066 873 3127 urbe
898 3063 1030 3128 venitis?

89 3169 123 3217 80
181 3157 301 3227 Quodve
325 3175 429 3236 parum
453 3158 547 3217 fausta
571 3173 669 3233 puppe
692 3157 807 3232 petistis
830 3149 940 3214 iter?''

137 3245 237 3306 Dixit:
270 3255 299 3305 et
322 3245 422 3306 audito
444 3248 556 3324 patriae
580 3245 627 3322 pia
650 3245 768 3302 nomine
793 3243 873 3318 virgo

130 3332 136 3342 '
182 3334 342 3393 Consortes
365 3332 448 3393 urbis
472 3335 616 3411 comperit
640 3348 704 3391 esse
729 3347 818 3389 suae.

137 3417 316 3482 “alteruter
338 3413 477 3480 nostris''
501 3423 597 3497 inquit
621 3415 734 3479 “cadat
758 3417 853 3478 hostia
876 3420 986 3478 sacris:

180 3510 223 3570 Ad
246 3510 356 3587 patrias
380 3506 466 3566 sedes
489 3511 611 3568 nuntius
635 3507 708 3568 alter
732 3501 819 3568 eat.''
