2386 3892
405 194 455 247 111
472 194 623 248 nnc-m
633 196 679 249 aa.
985 192 1053 263 1¹18

136 358 206 420 Cum
228 356 327 420 subito
348 358 450 438 pinnis
471 359 599 437 agitem
619 357 770 421 indormit
791 374 863 441 aar,

88 460 130 508 to.
177 446 215 507 Et
237 447 350 526 aarum
371 462 464 525 parvo
484 453 566 507 nota
587 446 719 508 ionem
740 464 834 509 soum

135 535 268 596 Territus
289 536 322 594 in
345 533 479 595 cubitum
501 533 601 595 rcievo
627 550 694 596 auca
719 533 853 597 menbra
875 536 1051 619 sinistrum,

175 622 284 684 Pulsus
307 629 338 683 ct
359 640 378 683 a
399 620 517 702 trepido
538 628 661 702 pectore
683 638 807 685 somnus
828 622 908 687 sirit.

135 710 235 772 Stabat
256 710 349 772 Amor
360 757 370 792 ,
392 709 476 771 raim
498 726 560 771 non
582 726 643 790 qno
663 712 749 791 prius
770 728 838 773 csse
859 710 991 795 solcdat,

175 798 283 861 Fadana
304 805 412 860 tenens
434 797 514 859 incra
535 801 633 860 tristis
655 816 762 861 acerna
784 814 893 881 sumn,

90 899 121 948 aa
134 887 194 950 Neo
215 896 355 966 qunen
376 885 453 947 colio
465 932 475 967 ,
498 903 554 948 neo
576 885 690 948 habens
710 886 823 948 armaio
845 886 970 971 upilio,

176 975 238 1036 Nee
259 974 337 1036 benc
358 974 519 1054 dispositas
541 981 678 1055 wmptns
690 1021 700 1056 ,
723 983 759 1037 nt
779 984 870 1058 anic,
893 992 1010 1038 manu.

135 1063 260 1125 Horrida
281 1060 451 1143 pandebant
471 1061 576 1124 molles
598 1080 691 1145 anper
709 1080 764 1125 ora
785 1062 901 1145 capiid,

176 1151 215 1213 Et
235 1152 299 1212 risa
319 1158 367 1212 cst
387 1149 483 1212 ocniis
502 1150 626 1213 hordda
646 1153 739 1233 pinna
759 1154 854 1215 nucis:

135 1239 234 1312 Qualia
256 1241 288 1301 in
310 1241 409 1300 aeriae
430 1248 516 1318 tergo
539 1238 615 1300 soict
637 1256 704 1301 esse
725 1239 897 1322 wambae,

90 1340 122 1390 eo
178 1327 370 1389 mantum
392 1327 501 1388 mnitac
524 1344 613 1406 quun
634 1329 762 1407 tetigere
784 1344 905 1389 manns.

135 1415 220 1477 iluna
238 1415 326 1477 simui
340 1418 465 1496 agnovi,
486 1432 586 1494 nonne
604 1416 684 1475 enirn
700 1412 775 1476 ntiiti
791 1417 891 1477 notior
903 1412 993 1497 aiter,
1006 1426 1052 1480 (aa)

178 1503 298 1565 Talibus
320 1503 417 1565 adiuta
439 1510 486 1564 est
507 1502 601 1564 dhara
622 1501 723 1582 lingna
744 1504 844 1565 sonis:

137 1587 176 1653 ‘0
199 1608 275 1671 puer
287 1637 297 1673 ,
320 1591 400 1653 cxiiii
422 1591 547 1671 dcccmo
569 1606 659 1652 eam
679 1592 840 1672 meginro,

180 1679 274 1751 Quaem
297 1680 354 1740 init
375 1678 479 1740 utilius
501 1696 562 1740 non
584 1679 722 1741 docuisse
744 1678 836 1742 mitrii

90 1779 122 1829 aa
136 1767 199 1828 Huc
222 1784 342 1848 quoquo
365 1769 493 1849 venuti,
513 1784 571 1847 pax
593 1774 640 1830 cst
660 1766 714 1830 uiri
735 1775 870 1849 uramus
892 1766 993 1849 nulio,

179 1855 219 1916 Et
240 1858 301 1917 coit
321 1857 452 1917 astrictis
474 1853 618 1917 baranus
640 1854 743 1918 linter
764 1852 877 1937 aquis?

138 1943 218 2014 Quae
241 1943 296 2004 tibi
317 1960 406 2005 aaran
428 1940 522 2004 riae?
543 1945 601 2005 nisi
621 1946 668 2006 uti
686 1943 762 2006 rusia
784 1951 887 2007 nostra
909 1939 1054 2006 videres?

183 2031 264 2102 Quae
286 2040 378 2112 suut,
401 2033 427 2092 si
448 2032 548 2093 nescis
560 2078 570 2112 ,
591 2031 736 2095 invidiosa
758 2031 832 2094 tihi.

138 2120 182 2181 Tu
205 2119 277 2181 mihi
299 2119 417 2181 dictasti
439 2119 583 2183 iuvenalia
605 2122 737 2182 carmina
756 2122 895 2201 primus:

93 2220 125 2269 eo
183 2208 314 2288 Apposui
336 2209 417 2268 sanis
439 2215 469 2268 te
492 2206 568 2269 duca
590 2209 723 2287 quinum
744 2207 855 2287 padcs.

139 2295 199 2357 Neo
222 2313 269 2356 me
291 2295 426 2357 Maeonio
447 2310 629 2373 consurgere
651 2297 801 2375 carmina,
824 2312 880 2356 nac
902 2312 949 2356 nae

182 2383 286 2445 Dicere
307 2400 484 2463 magnorum
505 2398 612 2462 passus
633 2396 668 2442 aa
689 2388 754 2442 acta
776 2382 902 2444 ducum.

140 2470 275 2533 Forsitan
294 2474 440 2551 exiguas,
463 2469 576 2550 aliquas
597 2475 719 2549 tamen,
741 2484 829 2529 nens
852 2474 883 2529 at
903 2470 981 2548 ignis

182 2559 296 2640 Ingenii
318 2561 397 2620 was
419 2560 621 2621 wurminucrc
642 2558 720 2618 urei.

94 2659 126 2709 aa
140 2647 272 2728 Namque
295 2664 350 2727 ago
368 2646 439 2709 dum
462 2653 548 2709 cauto
570 2652 621 2708 tua
643 2660 736 2726 regna
757 2650 886 2726 tuaeque
908 2644 1055 2727 paremis,

183 2736 217 2797 lu
239 2735 353 2798 nulium
376 2752 448 2797 maa·
463 2747 547 2797 mens
569 2732 683 2815 mado
703 2734 816 2797 meavit
837 2750 931 2815 opus.

140 2824 200 2886 Neo
224 2825 295 2885 satis
316 2823 375 2885 hoo
396 2824 514 2886 mama.
555 2822 648 2886 stuito
674 2838 794 2904 umque
821 2822 952 2886 carmine
980 2821 1056 2901 iaci,

182 2911 306 2974 Artibus
327 2919 362 2974 ut
384 2928 489 2992 posses
511 2928 571 2974 uou
593 2909 677 2973 rudis
699 2928 766 2974 csso
787 2913 881 2974 meis.

140 2999 198 3061 Pro
222 2999 330 3080 quibus
353 2999 473 3062 anilium
496 3001 606 3063 misero
628 3000 701 3063 mihi
723 2998 839 3062 reddita
861 3013 995 3078 marces,

93 3099 127 3148 to
185 3088 218 3150 id
242 3104 360 3169 quoque
383 3091 415 3151 iu
436 3091 578 3151 extremis
600 3097 632 3151 et
653 3091 718 3150 siue
740 3104 813 3166 pace
836 3085 927 3146 iocis.

141 3177 178 3238 At
200 3194 260 3238 nora
284 3175 442 3238 Chionides
463 3175 626 3257 Eumolpus
648 3177 681 3237 in
703 3170 929 3252 duplicanda,

184 3263 219 3327 ln
241 3264 358 3345 Phryga
378 3280 436 3327 nac
460 3263 596 3344 Satyrum
617 3261 685 3325 talis
707 3259 849 3339 Olympus
872 3264 952 3320 erat.

141 3352 275 3414 Praemia
298 3370 354 3414 nec
377 3351 488 3414 Chiron
510 3350 547 3413 ab
568 3346 681 3410 Aciriilc
702 3344 773 3407 talia
795 3348 892 3429 cepit3
1013 3358 1057 3412 tit)

187 3441 430 3521 Pythagoraeque
451 3440 552 3501 ierunt
573 3452 634 3497 uon
655 3435 794 3497 nocuisse
816 3433 959 3499 Numam.

95 3540 128 3588 45
143 3528 268 3589 Nomina
290 3545 349 3589 nan
371 3527 500 3588 reiorum
522 3524 642 3603 longum
664 3520 792 3589 uincta·
808 3542 864 3607 pat·
885 3538 1008 3607 nomm,
