2386 3892
416 176 438 228 1.
456 187 483 228 11
496 179 606 230 rte-m
621 179 662 229 14.

168 338 206 401 Et
229 339 325 400 cecini
347 338 443 400 inusto
466 340 597 400 carmina
619 340 706 419 digna
728 348 812 401 toro:

51 441 107 491 135
123 427 215 489 Cuius
237 434 268 488 te
292 426 410 488 solitum
432 428 554 487 memini
576 427 695 488 laudare
718 426 833 488 libellos

167 514 331 595 Exceptis,
354 515 473 575 domino
496 516 549 593 qui
571 531 701 576 nocuere
725 533 798 577 suo:

123 603 179 665 Cui
201 611 253 664 tna
276 620 496 681 nonnumquam
520 604 640 663 miranti
662 605 773 682 scripta
795 602 930 682 legebas:

167 691 219 752 Ille
242 708 319 770 ego,
342 690 378 751 de
402 698 500 752 vestra
522 692 572 752 cui
595 690 661 751 data
684 699 775 770 nupta
799 690 886 752 domo
909 699 974 752 est.

122 778 205 840 Hanc
228 778 334 858 prohat
357 785 387 839 et
408 780 505 856 primo
528 778 665 839 dilectam
688 796 806 857 semper
828 778 865 839 ab
888 796 958 840 aevo

55 879 108 929 140
150 865 222 927 Est
245 868 324 927 inter
346 868 470 927 comites
493 865 601 927 Marcia
624 884 713 927 censa
736 884 823 945 suas,

123 954 217 1034 Inque
240 956 302 1015 suis
325 953 429 1014 habuit
451 961 610 1016 matertera
633 954 767 1015 Caesaris
790 962 875 1015 ante:

167 1042 300 1113 Quarum
323 1042 433 1102 iudicio
457 1044 541 1120 siqua
564 1041 710 1123 probata,
732 1041 826 1121 proba
848 1049 912 1104 est.

122 1130 190 1211 Ipsa
212 1148 266 1190 sua
289 1129 394 1190 melior
417 1130 514 1210 fama,
537 1129 725 1191 laudantibus
748 1131 831 1210 istis,

168 1218 288 1280 Claudia
311 1217 409 1278 divina
432 1235 492 1278 non
515 1221 646 1297 eguisset
668 1236 741 1296 ope.

58 1318 109 1368 145
123 1305 183 1368 Nos
206 1324 325 1385 quoque
348 1308 524 1385 praeteritos
547 1307 611 1366 sine
634 1305 699 1366 iabe
721 1307 891 1384 peregimus
914 1321 1023 1365 annos:

167 1395 305 1455 Proxima
327 1411 397 1473 pars
419 1397 496 1454 vitae
519 1394 710 1459 transilienda
732 1411 831 1454 meae.

124 1482 182 1544 Sed
206 1482 243 1544 de
265 1500 313 1543 me
336 1491 371 1544 ut
393 1482 517 1564 sileam,
540 1483 670 1543 coniunx
692 1499 757 1542 mea
780 1482 896 1543 sarcina
918 1487 1016 1542 vestra

673 1577 735 1631 est:
999 1581 1042 1632 (11)

168 1658 234 1719 Non
257 1667 342 1738 potes
365 1658 440 1719 hanc
465 1658 543 1719 saiva
565 1658 751 1719 dissimulare
774 1657 850 1720 fide.

126 1746 264 1825 Confugit
286 1746 360 1807 haec
383 1747 419 1807 ad
442 1763 515 1826 ros,
538 1754 651 1808 vestras
674 1747 862 1826 amplectitur
879 1762 945 1808 aras
964 1779 996 1788 —

66 1846 112 1895 roo
169 1834 237 1894 Iure
260 1837 342 1895 venit
364 1834 460 1896 cultos
483 1835 520 1894 ad
542 1834 601 1895 sibi
624 1837 750 1914 quisque
773 1835 845 1896 deos
864 1867 898 1878 —

127 1921 272 2001 Fiensque
295 1931 380 2001 rogat
392 1970 401 2003 ,
424 1921 563 2002 precibus
586 1923 678 1984 lenito
702 1923 825 1984 Caesare
848 1924 975 2002 vestris,

169 2009 260 2072 Busta
282 2012 330 2071 sui
352 2011 424 2071 fiant
445 2018 480 2072 ut
501 2013 642 2091 propiora
664 2013 737 2073 riri.

504 2205 568 2277 Μ

128 2359 207 2423 Hanc
229 2361 285 2425 tibi
306 2361 384 2423 Naso
407 2370 478 2424 tuus
501 2364 613 2443 mittit,
635 2363 764 2442 unone,
787 2361 929 2423 salutem:

170 2450 227 2521 Qui
249 2453 341 2512 miser
363 2458 431 2531 est,
454 2450 507 2512 nili
530 2452 557 2510 si
580 2467 652 2511 suns
675 2467 741 2510 esse
764 2456 879 2528 potest.

129 2536 250 2600 Reddita
273 2540 414 2600 confusae
437 2556 534 2618 nuper
557 2538 664 2599 solacia
686 2539 779 2597 menti

169 2626 319 2688 Auxilium
342 2628 453 2688 nostris
476 2644 618 2706 spemque
641 2625 736 2686 tniere
760 2623 860 2685 malis.

103 2711 220 2794 5thue
244 2714 423 2777 Machaoniis
446 2713 604 2776 Poeantius
628 2714 742 2775 artibus
764 2713 852 2774 heros

168 2801 274 2864 Lenito
297 2803 442 2864 medicam
465 2801 587 2864 vulnere
611 2804 704 2864 sensit
726 2819 830 2882 opem,

128 2887 175 2951 Sic
198 2908 253 2969 ego
276 2899 375 2953 mente
397 2893 498 2952 iacens
521 2899 552 2952 et
574 2891 680 2952 acerbo
704 2892 822 2952 saucius
844 2891 908 2953 ictu

169 2978 329 3040 Admonitu
352 2981 438 3058 coepi
460 2980 566 3040 iortior
589 2997 654 3040 esse
677 2987 747 3041 tuo:

125 3063 243 3128 Etiam
266 3067 407 3131 deiciens
430 3069 473 3130 sic
496 3066 532 3129 ad
555 3074 606 3128 tua
628 3067 717 3129 rerba
741 3069 850 3144 revixi,

51 3146 89 3198 1⁰
154 3153 191 3217 Ut
214 3154 290 3217 solet
312 3158 410 3217 iniuso
433 3173 506 3216 vena
529 3155 627 3217 redire
651 3174 751 3216 mero.

124 3239 190 3304 Nou
212 3252 312 3305 tamen
335 3243 468 3306 exhibuit
490 3252 586 3305 tantas
610 3243 747 3305 facundia
768 3243 862 3319 vires,

169 3330 208 3392 Ut
231 3351 297 3394 mea
319 3335 379 3394 sint
401 3334 489 3395 dictis
512 3340 632 3412 pectora
656 3347 726 3391 sana
748 3331 808 3390 tuis
819 3333 833 3387 .'

126 3415 165 3479 Ut
186 3419 312 3482 multum
335 3421 435 3483 demas
458 3427 576 3481 nostrae
600 3419 636 3478 de
659 3418 776 3495 gurgite
799 3432 906 3495 curae,

170 3506 236 3568 Non
258 3510 358 3570 miuus
381 3508 523 3570 exhausto
546 3506 626 3585 quod
650 3503 823 3586 superabit,
846 3506 920 3566 erit.
