2386 3892
92 172 156 237 130
500 171 549 222 nx
565 169 685 222 rouro

179 334 238 397 Sed
261 334 388 415 vereor,
411 351 449 395 nc
472 350 519 394 me
542 333 653 393 frustra
676 349 794 393 servare
818 331 951 414 labores,

130 436 164 486 90
223 421 288 484 Neu
310 424 394 482 iuver
418 421 533 482 admota
556 420 690 499 perditus
713 437 801 500 aeger
825 439 898 501 ope.

178 508 240 573 Nec
262 510 367 589 loquor
390 509 484 589 haec,
509 509 577 587 quia
600 509 639 568 sit
661 509 755 569 maior
777 508 935 587 prudentia
958 509 1055 590 nobis;

224 597 282 660 Sed
305 614 371 659 sum
396 613 483 675 quam
506 595 621 658 medico
645 598 743 658 notior
766 599 830 677 ipsc
854 597 943 659 milri.

178 684 218 749 Ut
240 694 338 747 tamen
361 685 418 746 hoc
441 687 482 745 ita
505 685 565 766 sit,
587 701 696 745 munus
719 691 770 746 tua
793 685 905 762 grande
928 684 1056 748 voluntas

223 773 267 835 Ad
290 790 338 835 me
360 774 496 853 pervenit
508 819 518 855 ,
541 770 765 852 consuliturque
789 771 876 833 boni.

553 964 634 1040 ΠΠ.

179 1124 240 1186 lam
263 1123 335 1186 mibi
358 1123 487 1185 deterior
511 1124 592 1184 canis
615 1124 782 1202 aspergitur
805 1130 904 1204 aetas,

223 1211 343 1292 lamque
366 1228 447 1273 meos
470 1207 570 1272 'vultus
592 1227 666 1290 ruga
690 1210 791 1272 senilis
815 1218 895 1272 arat:

179 1301 239 1362 lam
263 1302 345 1380 vigor
369 1307 399 1361 et
422 1316 528 1379 quasso
552 1297 693 1377 languent
715 1301 746 1358 in
770 1316 896 1377 corpore
920 1300 1013 1379 vires3

222 1387 306 1470 Nec,
329 1389 428 1449 iuueni
451 1387 534 1449 lusus
558 1388 609 1466 qui
631 1386 792 1467 placuere,
815 1389 934 1449 iuvant.

149 1476 263 1558 oNec‚
286 1479 312 1538 si
335 1493 382 1537 me
405 1474 503 1537 subito
526 1474 647 1553 videas,
670 1491 831 1553 agnoscere
854 1476 969 1555 possis:

224 1565 335 1626 Aetatis
358 1564 435 1624 facta
458 1570 504 1623 est
527 1570 607 1623 tanta
630 1564 717 1624 ruina
740 1580 842 1624 meae.

180 1652 329 1713 Confiteor
353 1652 450 1712 iacere
473 1651 529 1711 hoc
552 1667 662 1712 annos:
691 1649 743 1712 sed
772 1648 918 1712 etaltera
941 1655 1082 1712 causaest

225 1740 363 1800 dnuietas
387 1739 478 1799 animi
500 1740 719 1818 continuusque
742 1737 842 1799 labor.

180 1826 253 1888 Nam
277 1843 341 1887 mea
363 1844 418 1906 per
440 1826 544 1904 longos
567 1828 660 1904 siquis
684 1825 758 1887 mala
781 1825 897 1906 digerat
921 1843 1028 1906 anuos,

134 1928 166 1976 10
225 1914 319 1976 Crede
343 1913 436 1994 mibi,
460 1913 542 1992 Pylio
565 1912 690 1975 Nestore
713 1915 807 1975 maior
830 1931 901 1976 ero.

181 2001 303 2081 Cernis,
328 2005 417 2063 utin
444 2001 527 2062 duris
546 2034 581 2045 -
602 2009 632 2062 et
658 2001 728 2081 quid
754 2001 828 2063 bove
854 1999 995 2064 tirmius‘?
1011 2034 1043 2045 -

730 2091 807 2150 arvis
1047 2099 1080 2150 ud

225 2177 325 2240 Fortia
348 2185 501 2238 taurorum
525 2195 651 2258 corpora
674 2177 789 2257 frangat
811 2195 904 2258 opus.

181 2265 262 2336 Quae
285 2283 446 2345 numquam
469 2283 560 2328 vacuo
584 2265 669 2327 solita
693 2272 738 2327 est
761 2282 878 2327 cessare
901 2266 1011 2346 novoli,

225 2352 384 2416 Fructibus
408 2353 534 2415 assiduis
558 2353 634 2414 lassa
657 2354 786 2414 senescit
808 2353 935 2416 humus.

134 2454 166 2504 15
181 2440 327 2523 Occidet,
351 2442 386 2502 ad
410 2444 484 2504 circi
506 2444 601 2521 siquis
624 2443 785 2502 certamina
809 2459 927 2523 semper

224 2530 289 2593 Non
312 2528 651 2592 intermissis‘cursibus
674 2527 730 2590 ibit
752 2547 865 2608 equus.

181 2618 279 2681 Firma
302 2621 341 2681 sit
364 2618 412 2679 illa
435 2618 504 2679 licet
515 2665 525 2697 ,
549 2617 680 2679 solvetur
703 2619 735 2678 in
758 2634 886 2697 aequore
910 2618 1006 2696 navis,

225 2706 305 2778 Quae
329 2724 491 2784 numquam
514 2705 634 2785 liquidis
658 2706 737 2766 sicca
759 2705 873 2767 carebit
895 2708 994 2784 aquis.

180 2793 226 2854 lle
251 2811 369 2872 quoque
392 2793 527 2854 debilitat
550 2796 642 2854 series
665 2795 798 2854 inmensa
822 2794 983 2873 malorum,

133 2894 166 2942 20
224 2880 300 2941 Ante
323 2898 422 2941 meum
445 2888 563 2961 tempus
586 2883 665 2960 cogit
688 2889 717 2942 et
740 2899 805 2942 esse
830 2899 949 2944 senem.

181 2966 247 3031 Otia
272 2985 380 3046 corpus
404 2968 506 3046 alunt,
530 2970 646 3030 animus
665 2987 784 3048 quoque
806 2973 940 3050 pascitur
961 2966 1028 3030 illis:

224 3056 393 3118 Inmodicus
417 3064 519 3118 contra
542 3059 637 3137 carpit
659 3064 819 3137 utrumque
842 3058 943 3121 labor.

180 3147 309 3226 Aspice,
332 3146 363 3205 in
387 3143 439 3205 lras
462 3146 554 3225 partis
578 3144 656 3225 qnod
680 3147 795 3207 venerit
817 3146 933 3209 Aesone
955 3149 1044 3216 natus,

226 3233 319 3304 Quam
342 3232 458 3294 laudem
482 3250 587 3295 asera
610 3236 784 3312 posteritate
808 3233 900 3297 ierat.

133 3331 166 3381 25
181 3323 220 3382 At
243 3321 325 3382 labor
347 3321 427 3382 illius
451 3329 553 3383 nostro
576 3321 727 3400 leviorque
750 3323 908 3404 minorque
932 3329 990 3399 est,

227 3408 259 3470 Si
282 3409 369 3471 modo
393 3427 451 3471 non
475 3427 577 3471 rerum
601 3412 719 3472 nomina
742 3427 846 3491 magna
870 3413 1016 3489 premunt.

181 3493 233 3556 llle
257 3503 302 3557 est
324 3499 356 3558 in
379 3495 505 3559 Pontum
529 3497 609 3559 Pelia
632 3500 768 3560 mittente
791 3499 959 3579 proiectus,
