2386 3892
477 165 668 218 coeo-eos.
1007 162 1080 231 231,
1165 137 1168 143 ’

90 342 143 393 ooo
157 329 257 389 bitere
280 327 357 406 quod
381 344 470 405 porro
493 327 611 407 iuerat,
634 327 778 389 cecinisse
800 333 942 410 putetur,

201 415 322 495 Almrn,
344 432 501 477 versurum
523 414 679 494 postmodo
701 413 846 495 quidquid
868 422 949 479 eret.

507 550 556 617 16.
578 548 643 617 Hc

158 679 308 759 Candido,
332 687 360 740 te
385 679 470 738 niveo
492 679 592 757 posuit
614 677 665 739 lux
687 661 822 758 proxima
843 676 971 760 templo,

202 768 265 839 Qus
287 767 347 827 fert
369 765 511 827 sublimes
533 764 591 827 olto
612 765 730 828 Moneta
752 765 879 847 gradun

158 855 243 917 Nunc
266 853 341 915 benc
363 855 526 933 prospicies
549 852 685 933 Latiam,
707 852 871 917 Concordia
883 899 893 930 ,
915 851 1053 917 turbone
1080 894 1091 911 .

91 956 144 1005 oso
203 943 289 1004 Nunc
311 950 340 1003 te
363 948 494 1003 secretae
517 944 698 1003 constituere
722 959 844 1005 monus.
1007 1007 1010 1011 ,

158 1031 266 1092 Furius
290 1031 463 1110 antiquam,
485 1027 587 1109 populi
609 1038 766 1109 superator
787 1027 929 1112 Etrusci,

202 1117 326 1178 Voverat
338 1163 348 1198 ,
370 1126 401 1178 et
422 1118 483 1178 voti
505 1117 632 1178 solveret
654 1117 704 1180 ilie
726 1115 831 1179 iidem.

161 1205 254 1267 Causa
266 1254 276 1287 ,
299 1205 376 1285 quod
400 1222 417 1265 a
439 1205 575 1285 putribus
596 1207 722 1285 sumptis
745 1213 909 1268 secesserat
931 1206 1022 1267 ermis

203 1293 333 1374 Volgus,
356 1304 388 1354 et
409 1295 473 1372 ipsa
496 1311 564 1355 sues
587 1293 679 1354 Roma
701 1291 824 1354 timebat
844 1310 932 1373 opes.

90 1394 144 1446 645
160 1381 254 1444 Causa
276 1399 382 1443 recens
404 1380 526 1443 melior:
558 1396 660 1460 pessos
682 1379 838 1443 &omnnio
860 1382 959 1444 crines

203 1469 331 1549 Corrigit
352 1471 513 1550 auspiciis,
536 1468 596 1530 dux
619 1467 807 1549 uenerande,
829 1469 907 1531 tuis.

160 1557 232 1618 lude
255 1556 452 1636 triumphatae
475 1555 573 1618 liboso
594 1574 719 1619 munere
741 1557 856 1638 geniis,

203 1644 383 1725 'temploque
406 1645 526 1727 iecisti,
548 1661 636 1724 quem
659 1644 732 1707 coiis
753 1646 840 1727 ipse,
861 1642 952 1707 oeae.

143 1732 237 1794 ‘Haec
260 1742 310 1794 tua
333 1734 488 1794 constituit
510 1734 645 1812 genetrix
668 1740 698 1795 et
720 1732 811 1796 rebus
833 1741 865 1794 et
885 1745 976 1814 oms

89 1834 144 1883 ooo
201 1820 268 1881 Sola
290 1827 357 1882 toro
379 1823 477 1900 magni
500 1820 587 1900 bigne
609 1828 736 1907 repertu,
750 1818 844 1883 lovis.

236 1955 371 2024 17.Αο
418 1957 469 2023 18.
492 1953 551 2022 Bc
599 1956 648 2024 19.
671 1954 728 2025 00
773 1954 912 2025 20.Βο

325 2045 376 2110 21.
398 2042 459 2113 ΕΟ
504 2044 555 2113 22.
577 2043 643 2127 ΕΟ4
680 2045 732 2112 23.
755 2043 814 2113 GO

159 2168 238 2231 Haec
261 2171 313 2232 ubi
336 2172 530 2250 transierint,
554 2171 756 2255 Capricorno,
777 2170 920 2254 Phoebe,
941 2169 1047 2235 relicto

203 2257 260 2319 Per
281 2261 397 2320 iuvenis
420 2275 524 2320 curres
547 2261 631 2337 signe
653 2261 785 2338 gerentis
806 2277 930 2341 equom.
1121 2280 1138 2315 ο

159 2344 311 2424 Septimus
332 2347 401 2409 binc
424 2347 525 2408 oriens
547 2363 615 2407 cum
637 2363 670 2409 se
693 2347 847 2411 demiserit
868 2347 973 2430 undis,

204 2433 341 2514 Fulgebit
363 2441 425 2496 toto
448 2435 507 2495 inm
528 2434 605 2513 Lyre
627 2433 708 2496 nubo
729 2433 814 2514 poio.

90 2531 146 2583 ooo
161 2519 265 2582 Sidere
288 2522 325 2583 ab
347 2521 403 2583 boc
425 2523 503 2600 ignis
525 2523 655 2585 venienti
676 2532 763 2585 nocte
786 2521 895 2585 Leonis

204 2609 262 2680 Qui
284 2611 373 2671 micat
395 2611 427 2671 iu
448 2609 547 2672 medio
569 2619 714 2693 pectore,
736 2627 852 2675 mersos
874 2611 948 2673 enit.

319 2745 373 2813 24.
394 2742 460 2815 Hc
504 2745 556 2814 25.
579 2744 641 2814 Ao
686 2746 738 2815 26.
760 2744 821 2815 Bo

158 2870 218 2932 Ter
241 2880 347 2952 quater
368 2872 464 2935 evolvi
486 2875 638 2954 signantes
659 2882 794 2956 tempora
816 2875 927 2958 foetos,

203 2959 264 3020 Neo
288 2959 460 3024 Sememmo
482 2970 529 3024 est
550 2961 610 3025 uilo
631 2973 750 3043 roperto
773 2963 855 3027 diest

157 3046 232 3109 Cum
254 3048 327 3111 mihi
343 3080 381 3097 -·
402 3051 497 3113 sensit
519 3051 599 3113 enim
616 3082 652 3097 -
674 3046 742 3114 ‘iux
763 3051 837 3114 baec
858 3043 1035 3131 tuommr,’

88 3233 143 3283 eoo
202 3223 287 3286 Musa
309 3219 398 3304 ‘mulo
421 3242 438 3286 ι
460 3223 544 3288 iustu
566 3243 627 3289 uon
649 3232 726 3287 stuta
735 3157 832 3287 qsecra
853 3219 972 3305 petisi’

156 3309 253 3389 thue
277 3312 477 3374 dies-incerto
498 3330 606 3392 sucro,
629 3313 672 3377 sic
691 3320 829 3391 mmporo
848 3320 948 3395 certo,

201 3398 370 3461 Seminibus
391 3401 477 3463 iactis
498 3408 546 3463 est
567 3398 620 3463 ubi
642 3398 722 3462 ictus
743 3416 832 3479 eger.

157 3485 239 3547 State
261 3487 395 3548 seroneti
415 3486 538 3567 plenum
558 3486 597 3549 mi
618 3503 778 3569 pmesocpe
799 3489 936 3555 iuvencis
