2386 3892
524 385 566 461 V.

129 533 154 594 0
176 531 248 592 mihi
272 527 395 589 dilectos
418 531 496 589 inter
518 545 587 607 pars
610 530 704 607 prima
727 527 859 608 sodales,

131 621 221 681 Unica
245 619 373 678 fortunis
396 634 445 676 ara
468 622 586 695 reperta
609 618 700 696 meis,

131 708 221 768 Cuius
245 704 281 765 ab
305 704 449 782 adloquiis
472 706 567 763 anima
589 703 662 764 haec
685 703 860 765 moribunda
883 705 1007 784 revixit,

131 795 169 856 Ut
191 793 260 872 vigil
284 794 380 853 inlusa
403 790 519 852 Pallade
543 792 657 851 llamma
681 791 772 872 solet3

98 883 189 954 oQui
212 884 325 941 veritus
349 897 407 939 non
431 897 463 940 es
486 888 589 959 portus
614 881 728 958 aperire
752 877 853 940 fideles

132 970 266 1031 Fulmine
290 985 447 1047 percussae
473 968 702 1046 confugiumque
725 969 799 1046 rati3

133 1057 223 1118 Cuius
249 1073 328 1116 eram
352 1074 444 1116 censu
468 1073 525 1116 non
550 1074 596 1116 me
621 1073 764 1116 sensurus
787 1063 943 1140 egentem,

133 1145 163 1204 Si
187 1145 293 1205 Caesar
317 1145 426 1223 patrias
449 1145 607 1222 eripuisset
629 1142 717 1222 opes!

131 1232 288 1311 Temporis
312 1230 435 1292 oblitum
459 1231 529 1291 dum
552 1249 598 1291 me
622 1233 700 1309 rapit
722 1234 850 1309 impetus
872 1230 983 1311 huius,

88 1334 119 1380 10
134 1318 353 1381 Excidit-heu!
386 1336 492 1379 nomen
517 1335 604 1396 quam
627 1317 699 1377 mihi
721 1335 813 1396 paene
836 1315 937 1378 tuuml

132 1408 175 1469 Tu
200 1416 296 1469 tamen
321 1408 455 1485 agnoscis
479 1414 635 1483 tactusque
658 1405 795 1484 cupidine
819 1404 932 1485 laudis,

132 1492 194 1556 ‘llle
218 1514 272 1574 ego
297 1490 373 1555 sum'
398 1511 523 1573 cuperes
547 1493 645 1554 dicere
668 1510 755 1572 posse
778 1492 891 1571 palam.

133 1584 218 1645 Certe
243 1601 319 1662 ego,
342 1584 368 1641 si
391 1584 527 1662 sineres,
555 1580 673 1641 titulum
701 1579 753 1641 tibi
777 1579 903 1641 reddere
926 1579 1050 1660 vellem,

133 1671 170 1733 Et
192 1689 288 1731 raram
313 1671 406 1729 lamae
431 1669 587 1730 conciliare
612 1669 717 1729 iidem.

90 1772 119 1819 to
133 1760 175 1819 Ne
198 1776 320 1819 noceam
344 1765 427 1836 grato
450 1774 555 1817 vereor
578 1755 631 1816 tibi
654 1758 806 1838 carmine,
829 1775 902 1818 neve

133 1848 359 1925 intempestivus
383 1845 510 1904 nominis
533 1843 631 1905 obstet
653 1843 765 1906 honor.

134 1933 218 2006 Quod
242 1933 311 1993 licet
335 1940 365 1993 ct
387 1940 484 1993 tutum
508 1938 553 1992 est
566 1978 574 2012 ,
598 1934 674 1992 intra
699 1940 748 1993 tua
771 1941 891 2012 pectora
915 1930 1029 2013 gaude,

133 2023 238 2100 Meque
261 2023 305 2081 tui
329 2037 489 2081 memorem
512 2028 601 2098 teque
625 2021 715 2080 inisse
739 2022 838 2099 pium.

133 2109 229 2188 thue
253 2109 325 2168 lacis
338 2154 346 2188 ,
369 2110 460 2168 remis
483 2106 518 2167 ad
542 2126 628 2187 opem
652 2108 763 2169 luctare
787 2107 956 2188 terendam,

89 2208 120 2257 20
134 2197 208 2257 llum
232 2198 329 2257 veniat
351 2194 465 2275 placido
489 2194 604 2255 mollior
627 2214 698 2256 aura
721 2194 794 2276 deo;

135 2284 171 2346 Et
194 2292 291 2345 tutare
314 2293 403 2362 caput
425 2281 499 2344 nulli
523 2282 688 2362 servabile,
712 2285 738 2343 si
760 2301 819 2343 non

136 2373 192 2443 Qui
215 2375 319 2432 mersit
342 2372 462 2451 Stygia,
486 2367 621 2430 sublevet
642 2367 736 2449 illud,
760 2386 852 2448 aqua:

135 2459 257 2540 Teque,
279 2459 356 2537 quod
376 2466 421 2519 est
438 2475 561 2537 rarum,
585 2463 701 2534 praesta
720 2465 890 2517 constanter
909 2456 945 2516 ad
964 2474 1051 2517 omne

134 2546 329 2608 indeclinatae
351 2564 460 2608 munus
484 2543 645 2606 amicitiae!

91 2646 122 2693 ao
137 2635 184 2696 Sic
209 2642 259 2695 tua
282 2652 439 2713 processus
462 2633 568 2694 habeat
591 2634 709 2694 fortuna
731 2648 896 2713 perennes,

136 2723 184 2783 Sic
208 2739 264 2801 ope
288 2740 347 2783 non
371 2740 456 2801 egeas
479 2725 566 2803 ipse,
589 2725 731 2800 iuvesque
754 2718 839 2780 tuosl

136 2810 184 2871 Sic
209 2818 316 2887 aequet
338 2819 388 2871 tua
411 2817 502 2889 nupta
525 2812 621 2870 virum
644 2809 774 2869 bonitate
797 2810 935 2888 perenni,

135 2898 248 2959 lucidat
271 2906 301 2959 et
323 2905 421 2959 vestro
443 2915 510 2957 rara
533 2896 663 2975 querella
685 2905 768 2957 toro.

126 2985 242 3064 lliligat
266 2993 295 3045 et
318 3003 434 3065 semper
458 2987 556 3045 socius
579 2993 608 3045 te
632 2986 784 3063 sanguinis
807 2983 875 3063 illo,

90 3083 122 3132 30
137 3074 201 3144 Quo
225 3075 292 3151 pius
315 3075 420 3134 affectu
445 3071 565 3132 Castora
589 3073 680 3132 irater
702 3068 795 3131 amati

138 3160 186 3221 Sic
210 3163 325 3220 invenis
349 3161 511 3238 similisque
536 3158 589 3219 tibi
611 3161 650 3219 sit
672 3167 759 3219 natus
772 3204 781 3237 ,
805 3167 835 3218 et
858 3155 940 3217 illum

137 3247 268 3308 Moribus
292 3256 430 3326 agnoscat
453 3245 577 3326 quilibet
599 3263 664 3305 esse
688 3243 790 3306 tuum!

138 3334 186 3395 Sic
210 3336 297 3395 saciat
320 3352 456 3396 socerum
479 3333 561 3395 taeda
585 3340 615 3392 te
638 3339 705 3391 nata
728 3330 834 3410 iugali,

138 3420 197 3483 Nec
222 3422 338 3483 tardum
361 3424 460 3483 iuveni
483 3421 534 3504 (let
557 3418 610 3481 tibi
632 3436 739 3479 nomen
763 3417 826 3478 avil
