<?xml version="1.0" encoding="UTF-8"?>
<!DOCTYPE html PUBLIC "-//W3C//DTD XHTML 1.0 Transitional//EN"
    "http://www.w3.org/TR/xhtml1/DTD/xhtml1-transitional.dtd">
<html xmlns="http://www.w3.org/1999/xhtml" xml:lang="en" lang="en">
 <head>
  <title>
</title>
<meta http-equiv="Content-Type" content="text/html;charset=utf-8" />
  <meta name='ocr-system' content='tesseract 3.04.00' />
  <meta name='ocr-capabilities' content='ocr_page ocr_carea ocr_par ocr_line ocrx_word'/>
</head>
<body>
  <div class='ocr_page' id='page_1' title='image "./ovidiusexiterat00ovidgoog_0385.png"; bbox 0 0 2386 3892; ppageno 0'>
   <div class='ocr_carea' id='block_1_1' title="bbox 91 181 689 246">
    <p class='ocr_par' dir='ltr' id='par_1_1' title="bbox 91 181 689 246">
     <span class='ocr_line' id='line_1_1' title="bbox 91 181 689 246; baseline 0 -12"><span class='ocrx_word' id='word_1_1' title='bbox 91 181 155 246; x_wconf 82' lang='lat'><strong>334</strong></span> <span class='ocrx_word' id='word_1_2' title='bbox 497 182 689 234; x_wconf 75' lang='lat' dir='ltr'><strong>PASTORUM</strong></span> 
     </span>
    </p>
   </div>
   <div class='ocr_carea' id='block_1_2' title="bbox 131 344 1090 3592">
    <p class='ocr_par' dir='ltr' id='par_1_2' title="bbox 131 344 1090 3592">
     <span class='ocr_line' id='line_1_2' title="bbox 131 344 866 425; baseline -0.004 -17"><span class='ocrx_word' id='word_1_3' title='bbox 131 359 165 408; x_wconf 89' lang='grc' dir='ltr'><strong>5ο</strong></span> <span class='ocrx_word' id='word_1_4' title='bbox 226 347 307 418; x_wconf 79' lang='lat' dir='ltr'><strong>Quos</strong></span> <span class='ocrx_word' id='word_1_5' title='bbox 331 365 385 425; x_wconf 84' lang='lat' dir='ltr'><strong>ego</strong></span> <span class='ocrx_word' id='word_1_6' title='bbox 409 345 548 405; x_wconf 85' lang='lat' dir='ltr'><strong>Romanis</strong></span> <span class='ocrx_word' id='word_1_7' title='bbox 572 344 765 406; x_wconf 80' lang='lat' dir='ltr'><strong>succubuisse</strong></span> <span class='ocrx_word' id='word_1_8' title='bbox 789 345 866 406; x_wconf 83' lang='lat' dir='ltr'><strong>tuli.¹</strong></span> 
     </span>
     <span class='ocr_line' id='line_1_3' title="bbox 180 432 1087 513; baseline 0 -19"><span class='ocrx_word' id='word_1_9' title='bbox 180 435 239 496; x_wconf 91' lang='lat' dir='ltr'><strong>Sed</strong></span> <span class='ocrx_word' id='word_1_10' title='bbox 262 453 358 513; x_wconf 90' lang='lat' dir='ltr'><strong>neque</strong></span> <span class='ocrx_word' id='word_1_11' title='bbox 378 436 547 512; x_wconf 85' lang='lat' dir='ltr'><strong>paeniteat,</strong></span> <span class='ocrx_word' id='word_1_12' title='bbox 571 451 626 494; x_wconf 90' lang='lat' dir='ltr'><strong>nec</strong></span> <span class='ocrx_word' id='word_1_13' title='bbox 649 451 721 512; x_wconf 83' lang='lat' dir='ltr'><strong>gens</strong></span> <span class='ocrx_word' id='word_1_14' title='bbox 740 432 812 493; x_wconf 90' lang='lat' dir='ltr'><strong>mibi</strong></span> <span class='ocrx_word' id='word_1_15' title='bbox 836 435 933 494; x_wconf 89' lang='lat' dir='ltr'><strong>carior</strong></span> <span class='ocrx_word' id='word_1_16' title='bbox 950 432 1010 494; x_wconf 88' lang='lat' dir='ltr'><strong>ulla</strong></span> <span class='ocrx_word' id='word_1_17' title='bbox 1032 441 1087 494; x_wconf 90' lang='lat' dir='ltr'><strong>est.</strong></span> 
     </span>
     <span class='ocr_line' id='line_1_4' title="bbox 224 520 1037 601; baseline -0.001 -18"><span class='ocrx_word' id='word_1_18' title='bbox 224 522 279 583; x_wconf 90' lang='lat' dir='ltr'><strong>llic</strong></span> <span class='ocrx_word' id='word_1_19' title='bbox 303 521 405 601; x_wconf 84' lang='lat' dir='ltr'><strong>colar,</strong></span> <span class='ocrx_word' id='word_1_20' title='bbox 427 521 476 581; x_wconf 91' lang='lat' dir='ltr'><strong>bic</strong></span> <span class='ocrx_word' id='word_1_21' title='bbox 500 530 615 581; x_wconf 91' lang='lat' dir='ltr'><strong>teneam</strong></span> <span class='ocrx_word' id='word_1_22' title='bbox 640 539 708 582; x_wconf 92' lang='lat' dir='ltr'><strong>cum</strong></span> <span class='ocrx_word' id='word_1_23' title='bbox 731 520 798 582; x_wconf 86' lang='lat' dir='ltr'><strong>love</strong></span> <span class='ocrx_word' id='word_1_24' title='bbox 822 521 932 600; x_wconf 88' lang='lat' dir='ltr'><strong>templa</strong></span> <span class='ocrx_word' id='word_1_25' title='bbox 955 539 1037 582; x_wconf 91' lang='lat' dir='ltr'><strong>meo.</strong></span> 
     </span>
     <span class='ocr_line' id='line_1_5' title="bbox 179 603 969 691; baseline -0.001 -20"><span class='ocrx_word' id='word_1_26' title='bbox 179 610 245 691; x_wconf 89' lang='lat' dir='ltr'><strong>lpse</strong></span> <span class='ocrx_word' id='word_1_27' title='bbox 269 611 341 670; x_wconf 92' lang='lat' dir='ltr'><strong>mibi</strong></span> <span class='ocrx_word' id='word_1_28' title='bbox 364 608 479 669; x_wconf 85' lang='lat' dir='ltr'><strong>Mavors</strong></span> <span class='ocrx_word' id='word_1_29' title='bbox 503 603 705 670; x_wconf 76' lang='lat' dir='ltr'><strong>“commendo</strong></span> <span class='ocrx_word' id='word_1_30' title='bbox 728 603 871 670; x_wconf 86' lang='lat' dir='ltr'><strong>moenia’&#39;</strong></span> <span class='ocrx_word' id='word_1_31' title='bbox 895 609 969 670; x_wconf 80' lang='lat' dir='ltr'>dixit</span> 
     </span>
     <span class='ocr_line' id='line_1_6' title="bbox 224 691 1011 776; baseline 0 -18"><span class='ocrx_word' id='word_1_32' title='bbox 224 694 332 758; x_wconf 80' lang='lat' dir='ltr'><strong>“Haec</strong></span> <span class='ocrx_word' id='word_1_33' title='bbox 355 697 431 758; x_wconf 91' lang='lat' dir='ltr'><strong>tibi.</strong></span> <span class='ocrx_word' id='word_1_34' title='bbox 473 703 507 758; x_wconf 92' lang='lat' dir='ltr'><strong>tu</strong></span> <span class='ocrx_word' id='word_1_35' title='bbox 529 697 644 776; x_wconf 89' lang='lat' dir='ltr'><strong>pollens</strong></span> <span class='ocrx_word' id='word_1_36' title='bbox 667 696 741 758; x_wconf 89' lang='lat' dir='ltr'><strong>urbe</strong></span> <span class='ocrx_word' id='word_1_37' title='bbox 765 698 881 776; x_wconf 86' lang='lat' dir='ltr'><strong>nepotis</strong></span> <span class='ocrx_word' id='word_1_38' title='bbox 905 691 1011 759; x_wconf 84' lang='lat' dir='ltr'><strong>eris.&#39;’</strong></span> 
     </span>
     <span class='ocr_line' id='line_1_7' title="bbox 132 783 1061 864; baseline -0.002 -16"><span class='ocrx_word' id='word_1_39' title='bbox 132 799 164 848; x_wconf 86' lang='grc'><strong>55</strong></span> <span class='ocrx_word' id='word_1_40' title='bbox 180 787 262 848; x_wconf 86' lang='lat' dir='ltr'><strong>Dicta</strong></span> <span class='ocrx_word' id='word_1_41' title='bbox 286 786 359 846; x_wconf 86' lang='lat' dir='ltr'><strong>tides</strong></span> <span class='ocrx_word' id='word_1_42' title='bbox 383 786 540 864; x_wconf 91' lang='lat' dir='ltr'><strong>sequitur.</strong></span> <span class='ocrx_word' id='word_1_43' title='bbox 582 792 702 847; x_wconf 90' lang='lat' dir='ltr'><strong>centum</strong></span> <span class='ocrx_word' id='word_1_44' title='bbox 726 783 912 847; x_wconf 78' lang='lat' dir='ltr'><strong>celebramur</strong></span> <span class='ocrx_word' id='word_1_45' title='bbox 934 788 966 845; x_wconf 91' lang='lat' dir='ltr'><strong>in</strong></span> <span class='ocrx_word' id='word_1_46' title='bbox 988 787 1061 846; x_wconf 88' lang='lat' dir='ltr'><strong>aris:</strong></span> 
     </span>
     <span class='ocr_line' id='line_1_8' title="bbox 223 873 964 952; baseline -0.003 -16"><span class='ocrx_word' id='word_1_47' title='bbox 223 875 284 936; x_wconf 90' lang='lat' dir='ltr'><strong>Nec</strong></span> <span class='ocrx_word' id='word_1_48' title='bbox 308 874 400 935; x_wconf 88' lang='lat' dir='ltr'><strong>levior</strong></span> <span class='ocrx_word' id='word_1_49' title='bbox 424 875 528 952; x_wconf 89' lang='lat' dir='ltr'><strong>quovis</strong></span> <span class='ocrx_word' id='word_1_50' title='bbox 552 881 598 934; x_wconf 91' lang='lat' dir='ltr'><strong>est</strong></span> <span class='ocrx_word' id='word_1_51' title='bbox 620 873 694 934; x_wconf 91' lang='lat' dir='ltr'><strong>mibi</strong></span> <span class='ocrx_word' id='word_1_52' title='bbox 718 875 828 935; x_wconf 83' lang='lat' dir='ltr'>mensis</span> <span class='ocrx_word' id='word_1_53' title='bbox 850 873 964 935; x_wconf 91' lang='lat' dir='ltr'><strong>bonor.</strong></span> 
     </span>
     <span class='ocr_line' id='line_1_9' title="bbox 179 960 1085 1040; baseline -0.004 -16"><span class='ocrx_word' id='word_1_54' title='bbox 179 963 240 1024; x_wconf 88' lang='lat' dir='ltr'><strong>Nec</strong></span> <span class='ocrx_word' id='word_1_55' title='bbox 259 972 357 1023; x_wconf 90' lang='lat' dir='ltr'><strong>tamen</strong></span> <span class='ocrx_word' id='word_1_56' title='bbox 376 961 456 1022; x_wconf 90' lang='lat' dir='ltr'><strong>hunc</strong></span> <span class='ocrx_word' id='word_1_57' title='bbox 475 961 562 1023; x_wconf 90' lang='lat' dir='ltr'><strong>nobis</strong></span> <span class='ocrx_word' id='word_1_58' title='bbox 579 962 782 1023; x_wconf 89' lang='lat' dir='ltr'><strong>tantummodo</strong></span> <span class='ocrx_word' id='word_1_59' title='bbox 801 970 933 1040; x_wconf 89' lang='lat' dir='ltr'><strong>praestat</strong></span> <span class='ocrx_word' id='word_1_60' title='bbox 952 960 1085 1023; x_wconf 89' lang='lat' dir='ltr'><strong>bonorem</strong></span> 
     </span>
     <span class='ocr_line' id='line_1_10' title="bbox 224 1048 982 1112; baseline 0.001 -2"><span class='ocrx_word' id='word_1_61' title='bbox 224 1050 337 1111; x_wconf 87' lang='lat' dir='ltr'><strong>Roma.</strong></span> <span class='ocrx_word' id='word_1_62' title='bbox 380 1048 544 1110; x_wconf 79' lang='lat' dir='ltr'><strong>suburbani</strong></span> <span class='ocrx_word' id='word_1_63' title='bbox 567 1051 636 1111; x_wconf 92' lang='lat' dir='ltr'><strong>dant</strong></span> <span class='ocrx_word' id='word_1_64' title='bbox 659 1050 731 1111; x_wconf 90' lang='lat' dir='ltr'><strong>mibi</strong></span> <span class='ocrx_word' id='word_1_65' title='bbox 753 1067 862 1112; x_wconf 89' lang='lat' dir='ltr'><strong>munus</strong></span> <span class='ocrx_word' id='word_1_66' title='bbox 885 1049 982 1111; x_wconf 75' lang='lat' dir='ltr'><strong>iden.</strong></span> 
     </span>
     <span class='ocr_line' id='line_1_11' title="bbox 181 1136 982 1219; baseline -0.001 -20"><span class='ocrx_word' id='word_1_67' title='bbox 181 1139 318 1219; x_wconf 87' lang='lat' dir='ltr'><strong>inspice,</strong></span> <span class='ocrx_word' id='word_1_68' title='bbox 342 1156 417 1217; x_wconf 93' lang='lat' dir='ltr'><strong>quos</strong></span> <span class='ocrx_word' id='word_1_69' title='bbox 441 1136 547 1198; x_wconf 90' lang='lat' dir='ltr'><strong>babeat</strong></span> <span class='ocrx_word' id='word_1_70' title='bbox 569 1138 727 1199; x_wconf 89' lang='lat' dir='ltr'><strong>nemoralis</strong></span> <span class='ocrx_word' id='word_1_71' title='bbox 749 1139 848 1199; x_wconf 76' lang='lat' dir='ltr'><strong>Aricia</strong></span> <span class='ocrx_word' id='word_1_72' title='bbox 871 1138 982 1219; x_wconf 81' lang='lat' dir='ltr'><strong>iustos,</strong></span> 
     </span>
     <span class='ocr_line' id='line_1_12' title="bbox 133 1225 956 1305; baseline -0.002 -16"><span class='ocrx_word' id='word_1_73' title='bbox 133 1241 166 1289; x_wconf 83' lang='lat' dir='ltr'><strong>co</strong></span> <span class='ocrx_word' id='word_1_74' title='bbox 224 1226 262 1287; x_wconf 90' lang='lat' dir='ltr'><strong>Et</strong></span> <span class='ocrx_word' id='word_1_75' title='bbox 285 1225 412 1305; x_wconf 90' lang='lat' dir='ltr'><strong>populus</strong></span> <span class='ocrx_word' id='word_1_76' title='bbox 436 1225 568 1286; x_wconf 81' lang='lat' dir='ltr'><strong>Laurens</strong></span> <span class='ocrx_word' id='word_1_77' title='bbox 590 1225 814 1305; x_wconf 80' lang='lat' dir='ltr'><strong>Lanuviumque</strong></span> <span class='ocrx_word' id='word_1_78' title='bbox 837 1242 956 1287; x_wconf 88' lang='lat' dir='ltr'><strong>mcum:</strong></span> 
     </span>
     <span class='ocr_line' id='line_1_13' title="bbox 180 1312 912 1394; baseline -0.003 -19"><span class='ocrx_word' id='word_1_79' title='bbox 180 1315 234 1375; x_wconf 84' lang='lat' dir='ltr'><strong>Est</strong></span> <span class='ocrx_word' id='word_1_80' title='bbox 256 1314 317 1374; x_wconf 93' lang='lat' dir='ltr'><strong>illic</strong></span> <span class='ocrx_word' id='word_1_81' title='bbox 340 1316 450 1374; x_wconf 86' lang='lat' dir='ltr'><strong>mensis</strong></span> <span class='ocrx_word' id='word_1_82' title='bbox 473 1312 636 1375; x_wconf 89' lang='lat' dir='ltr'><strong>Iunonius.</strong></span> <span class='ocrx_word' id='word_1_83' title='bbox 678 1317 793 1394; x_wconf 88' lang='lat' dir='ltr'><strong>inspice</strong></span> <span class='ocrx_word' id='word_1_84' title='bbox 817 1312 912 1375; x_wconf 83' lang='lat' dir='ltr'><strong>Tibur</strong></span> 
     </span>
     <span class='ocr_line' id='line_1_14' title="bbox 225 1402 853 1482; baseline 0 -20"><span class='ocrx_word' id='word_1_85' title='bbox 225 1402 263 1463; x_wconf 89' lang='lat' dir='ltr'><strong>Et</strong></span> <span class='ocrx_word' id='word_1_86' title='bbox 285 1402 494 1463; x_wconf 82' lang='lat' dir='ltr'><strong>Praenestinae</strong></span> <span class='ocrx_word' id='word_1_87' title='bbox 517 1404 633 1463; x_wconf 88' lang='lat' dir='ltr'><strong>moenia</strong></span> <span class='ocrx_word' id='word_1_88' title='bbox 657 1420 740 1462; x_wconf 90' lang='lat' dir='ltr'><strong>sacra</strong></span> <span class='ocrx_word' id='word_1_89' title='bbox 763 1402 853 1482; x_wconf 87' lang='lat' dir='ltr'><strong>deae,</strong></span> 
     </span>
     <span class='ocr_line' id='line_1_15' title="bbox 182 1488 933 1569; baseline -0.001 -18"><span class='ocrx_word' id='word_1_90' title='bbox 182 1490 321 1551; x_wconf 91' lang='lat' dir='ltr'><strong>lunonale</strong></span> <span class='ocrx_word' id='word_1_91' title='bbox 345 1490 425 1569; x_wconf 84' lang='lat' dir='ltr'><strong>leges</strong></span> <span class='ocrx_word' id='word_1_92' title='bbox 449 1498 588 1569; x_wconf 87' lang='lat' dir='ltr'><strong>tempus:</strong></span> <span class='ocrx_word' id='word_1_93' title='bbox 620 1508 676 1551; x_wconf 91' lang='lat' dir='ltr'><strong>nec</strong></span> <span class='ocrx_word' id='word_1_94' title='bbox 700 1489 843 1551; x_wconf 82' lang='lat' dir='ltr'><strong>Romulus</strong></span> <span class='ocrx_word' id='word_1_95' title='bbox 865 1488 933 1550; x_wconf 89' lang='lat' dir='ltr'><strong>illas</strong></span> 
     </span>
     <span class='ocr_line' id='line_1_16' title="bbox 226 1571 951 1657; baseline -0.001 -18"><span class='ocrx_word' id='word_1_96' title='bbox 226 1578 382 1640; x_wconf 86' lang='lat' dir='ltr'><strong>Condidit.</strong></span> <span class='ocrx_word' id='word_1_97' title='bbox 425 1585 454 1639; x_wconf 91' lang='lat' dir='ltr'><strong>at</strong></span> <span class='ocrx_word' id='word_1_98' title='bbox 477 1580 572 1638; x_wconf 80' lang='lat' dir='ltr'><strong>nostri</strong></span> <span class='ocrx_word' id='word_1_99' title='bbox 595 1578 687 1638; x_wconf 85' lang='lat' dir='ltr'><strong>Roma</strong></span> <span class='ocrx_word' id='word_1_100' title='bbox 711 1580 827 1657; x_wconf 88' lang='lat' dir='ltr'><strong>nepotis</strong></span> <span class='ocrx_word' id='word_1_101' title='bbox 850 1571 951 1639; x_wconf 87' lang='lat' dir='ltr'><strong>eret.&#39;</strong></span> 
     </span>
     <span class='ocr_line' id='line_1_17' title="bbox 134 1665 940 1744; baseline -0.006 -15"><span class='ocrx_word' id='word_1_102' title='bbox 134 1679 167 1729; x_wconf 82' lang='grc'><strong>65</strong></span> <span class='ocrx_word' id='word_1_103' title='bbox 182 1665 312 1727; x_wconf 85' lang='lat' dir='ltr'><strong>Finierat</strong></span> <span class='ocrx_word' id='word_1_104' title='bbox 334 1665 429 1727; x_wconf 91' lang='lat' dir='ltr'><strong>luno.</strong></span> <span class='ocrx_word' id='word_1_105' title='bbox 471 1668 674 1744; x_wconf 74' lang='lat' dir='ltr'><strong>respeximusz</strong></span> <span class='ocrx_word' id='word_1_106' title='bbox 702 1665 840 1726; x_wconf 89' lang='lat' dir='ltr'><strong>Herculis</strong></span> <span class='ocrx_word' id='word_1_107' title='bbox 863 1683 940 1726; x_wconf 85' lang='lat' dir='ltr'><strong>uxor</strong></span> 
     </span>
     <span class='ocr_line' id='line_1_18' title="bbox 227 1753 943 1835; baseline -0.003 -21"><span class='ocrx_word' id='word_1_108' title='bbox 227 1754 350 1835; x_wconf 86' lang='lat' dir='ltr'><strong>Stabat,</strong></span> <span class='ocrx_word' id='word_1_109' title='bbox 374 1757 456 1816; x_wconf 91' lang='lat' dir='ltr'><strong>etin</strong></span> <span class='ocrx_word' id='word_1_110' title='bbox 480 1753 559 1814; x_wconf 86' lang='lat' dir='ltr'><strong>voltu</strong></span> <span class='ocrx_word' id='word_1_111' title='bbox 583 1756 666 1832; x_wconf 81' lang='lat' dir='ltr'><strong>signa</strong></span> <span class='ocrx_word' id='word_1_112' title='bbox 689 1753 814 1814; x_wconf 87' lang='lat' dir='ltr'><strong>dolentis</strong></span> <span class='ocrx_word' id='word_1_113' title='bbox 837 1761 943 1813; x_wconf 88' lang='lat' dir='ltr'><strong>crant.</strong></span> 
     </span>
     <span class='ocr_line' id='line_1_19' title="bbox 183 1837 919 1921; baseline -0.001 -18"><span class='ocrx_word' id='word_1_114' title='bbox 183 1837 262 1904; x_wconf 72' lang='lat' dir='ltr'><strong>‘Non</strong></span> <span class='ocrx_word' id='word_1_115' title='bbox 286 1859 362 1921; x_wconf 85' lang='lat' dir='ltr'><strong>ego,</strong></span> <span class='ocrx_word' id='word_1_116' title='bbox 386 1844 411 1902; x_wconf 93' lang='lat' dir='ltr'><strong>si</strong></span> <span class='ocrx_word' id='word_1_117' title='bbox 434 1850 495 1902; x_wconf 90' lang='lat' dir='ltr'><strong>toto</strong></span> <span class='ocrx_word' id='word_1_118' title='bbox 519 1849 613 1902; x_wconf 87' lang='lat' dir='ltr'><strong>mater</strong></span> <span class='ocrx_word' id='word_1_119' title='bbox 637 1859 683 1902; x_wconf 88' lang='lat' dir='ltr'><strong>me</strong></span> <span class='ocrx_word' id='word_1_120' title='bbox 707 1840 812 1902; x_wconf 89' lang='lat' dir='ltr'><strong>cedere</strong></span> <span class='ocrx_word' id='word_1_121' title='bbox 835 1841 919 1902; x_wconf 90' lang='lat' dir='ltr'><strong>caelo</strong></span> 
     </span>
     <span class='ocr_line' id='line_1_20' title="bbox 226 1923 860 2008; baseline 0 -20"><span class='ocrx_word' id='word_1_122' title='bbox 226 1929 351 1990; x_wconf 89' lang='lat' dir='ltr'><strong>lusserit</strong></span> <span class='ocrx_word' id='word_1_123' title='bbox 363 1977 371 2008; x_wconf 89' lang='lat'>,</span> <span class='ocrx_word' id='word_1_124' title='bbox 395 1932 484 1990; x_wconf 87' lang='lat' dir='ltr'><strong>inrita</strong></span> <span class='ocrx_word' id='word_1_125' title='bbox 509 1939 601 1991; x_wconf 89' lang='lat' dir='ltr'><strong>matre</strong></span> <span class='ocrx_word' id='word_1_126' title='bbox 625 1923 779 1991; x_wconf 87' lang='lat' dir='ltr'><strong>morabor&#39;</strong></span> <span class='ocrx_word' id='word_1_127' title='bbox 803 1931 860 1989; x_wconf 91' lang='lat' dir='ltr'><strong>ait.</strong></span> 
     </span>
     <span class='ocr_line' id='line_1_21' title="bbox 182 2013 1086 2096; baseline -0.003 -19"><span class='ocrx_word' id='word_1_128' title='bbox 182 2013 283 2077; x_wconf 73' lang='lat' dir='ltr'><strong>‘Nunc</strong></span> <span class='ocrx_word' id='word_1_129' title='bbox 303 2034 420 2096; x_wconf 90' lang='lat' dir='ltr'><strong>quoque</strong></span> <span class='ocrx_word' id='word_1_130' title='bbox 440 2035 498 2077; x_wconf 91' lang='lat' dir='ltr'><strong>non</strong></span> <span class='ocrx_word' id='word_1_131' title='bbox 517 2017 614 2080; x_wconf 93' lang='lat' dir='ltr'><strong>luctor</strong></span> <span class='ocrx_word' id='word_1_132' title='bbox 634 2017 807 2078; x_wconf 82' lang='lat' dir='ltr'><strong>denomino</strong></span> <span class='ocrx_word' id='word_1_133' title='bbox 831 2017 977 2095; x_wconf 91' lang='lat' dir='ltr'><strong>temporis</strong></span> <span class='ocrx_word' id='word_1_134' title='bbox 996 2016 1086 2077; x_wconf 87' lang='lat' dir='ltr'><strong>buius:</strong></span> 
     </span>
     <span class='ocr_line' id='line_1_22' title="bbox 135 2105 932 2185; baseline -0.005 -17"><span class='ocrx_word' id='word_1_135' title='bbox 135 2120 168 2168; x_wconf 72' lang='grc' dir='ltr'><strong>το</strong></span> <span class='ocrx_word' id='word_1_136' title='bbox 227 2105 388 2184; x_wconf 86' lang='lat' dir='ltr'><strong>Blandior,</strong></span> <span class='ocrx_word' id='word_1_137' title='bbox 413 2113 442 2165; x_wconf 92' lang='lat' dir='ltr'><strong>et</strong></span> <span class='ocrx_word' id='word_1_138' title='bbox 463 2112 564 2183; x_wconf 89' lang='lat' dir='ltr'><strong>partes</strong></span> <span class='ocrx_word' id='word_1_139' title='bbox 586 2124 679 2185; x_wconf 90' lang='lat' dir='ltr'><strong>paene</strong></span> <span class='ocrx_word' id='word_1_140' title='bbox 703 2106 835 2184; x_wconf 84' lang='lat' dir='ltr'><strong>rogantis</strong></span> <span class='ocrx_word' id='word_1_141' title='bbox 858 2122 932 2185; x_wconf 83' lang='lat' dir='ltr'><strong>ago,</strong></span> 
     </span>
     <span class='ocr_line' id='line_1_23' title="bbox 181 2192 969 2273; baseline 0.003 -20"><span class='ocrx_word' id='word_1_142' title='bbox 181 2193 316 2273; x_wconf 84' lang='lat' dir='ltr'><strong>liemque</strong></span> <span class='ocrx_word' id='word_1_143' title='bbox 340 2194 399 2253; x_wconf 92' lang='lat' dir='ltr'><strong>mei</strong></span> <span class='ocrx_word' id='word_1_144' title='bbox 420 2195 495 2253; x_wconf 91' lang='lat' dir='ltr'><strong>iuris</strong></span> <span class='ocrx_word' id='word_1_145' title='bbox 518 2192 617 2254; x_wconf 92' lang='lat' dir='ltr'><strong>malim</strong></span> <span class='ocrx_word' id='word_1_146' title='bbox 640 2195 773 2272; x_wconf 79' lang='lat' dir='ltr'><strong>tenuisse</strong></span> <span class='ocrx_word' id='word_1_147' title='bbox 795 2192 969 2272; x_wconf 71' lang='lat' dir='ltr'><strong>precandos</strong></span> 
     </span>
     <span class='ocr_line' id='line_1_24' title="bbox 226 2281 869 2360; baseline 0 -19"><span class='ocrx_word' id='word_1_148' title='bbox 226 2281 264 2343; x_wconf 89' lang='lat' dir='ltr'><strong>Et</strong></span> <span class='ocrx_word' id='word_1_149' title='bbox 286 2282 383 2341; x_wconf 87' lang='lat' dir='ltr'><strong>sareas</strong></span> <span class='ocrx_word' id='word_1_150' title='bbox 406 2299 511 2341; x_wconf 91' lang='lat' dir='ltr'><strong>causae</strong></span> <span class='ocrx_word' id='word_1_151' title='bbox 535 2283 658 2342; x_wconf 85' lang='lat' dir='ltr'><strong>forsitan</strong></span> <span class='ocrx_word' id='word_1_152' title='bbox 681 2283 744 2360; x_wconf 90' lang='lat' dir='ltr'><strong>ipsc</strong></span> <span class='ocrx_word' id='word_1_153' title='bbox 768 2298 869 2341; x_wconf 89' lang='lat' dir='ltr'><strong>meae.</strong></span> 
     </span>
     <span class='ocr_line' id='line_1_25' title="bbox 182 2367 833 2448; baseline -0.003 -18"><span class='ocrx_word' id='word_1_154' title='bbox 182 2372 278 2430; x_wconf 78' lang='lat' dir='ltr'><strong>Aurea</strong></span> <span class='ocrx_word' id='word_1_155' title='bbox 301 2368 433 2448; x_wconf 87' lang='lat' dir='ltr'><strong>possedit</strong></span> <span class='ocrx_word' id='word_1_156' title='bbox 456 2371 536 2436; x_wconf 90' lang='lat' dir='ltr'><strong>socio</strong></span> <span class='ocrx_word' id='word_1_157' title='bbox 561 2368 701 2448; x_wconf 85' lang='lat' dir='ltr'><strong>Capitolia</strong></span> <span class='ocrx_word' id='word_1_158' title='bbox 724 2367 833 2447; x_wconf 89' lang='lat' dir='ltr'><strong>templo</strong></span> 
     </span>
     <span class='ocr_line' id='line_1_26' title="bbox 226 2455 1049 2538; baseline -0.004 -20"><span class='ocrx_word' id='word_1_159' title='bbox 226 2457 341 2538; x_wconf 88' lang='lat' dir='ltr'><strong>Mater,</strong></span> <span class='ocrx_word' id='word_1_160' title='bbox 365 2465 395 2517; x_wconf 89' lang='lat' dir='ltr'><strong>et</strong></span> <span class='ocrx_word' id='word_1_161' title='bbox 408 2504 417 2536; x_wconf 90' lang='lat'><em>,</em></span> <span class='ocrx_word' id='word_1_162' title='bbox 439 2464 473 2517; x_wconf 90' lang='lat' dir='ltr'><strong>ut</strong></span> <span class='ocrx_word' id='word_1_163' title='bbox 496 2455 606 2536; x_wconf 87' lang='lat' dir='ltr'><strong>debet,</strong></span> <span class='ocrx_word' id='word_1_164' title='bbox 630 2474 697 2517; x_wconf 90' lang='lat' dir='ltr'><strong>cum</strong></span> <span class='ocrx_word' id='word_1_165' title='bbox 721 2456 788 2516; x_wconf 90' lang='lat' dir='ltr'><strong>love</strong></span> <span class='ocrx_word' id='word_1_166' title='bbox 812 2473 929 2517; x_wconf 88' lang='lat' dir='ltr'><strong>summa</strong></span> <span class='ocrx_word' id='word_1_167' title='bbox 952 2463 1049 2518; x_wconf 85' lang='lat' dir='ltr'><strong>tenet.</strong></span> 
     </span>
     <span class='ocr_line' id='line_1_27' title="bbox 134 2544 1000 2623; baseline -0.003 -15"><span class='ocrx_word' id='word_1_168' title='bbox 134 2560 166 2609; x_wconf 76' lang='lat'><strong>75</strong></span> <span class='ocrx_word' id='word_1_169' title='bbox 182 2547 218 2607; x_wconf 82' lang='lat' dir='ltr'><strong>At</strong></span> <span class='ocrx_word' id='word_1_170' title='bbox 242 2547 333 2607; x_wconf 89' lang='lat' dir='ltr'><strong>decus</strong></span> <span class='ocrx_word' id='word_1_171' title='bbox 357 2563 443 2605; x_wconf 91' lang='lat' dir='ltr'><strong>omne</strong></span> <span class='ocrx_word' id='word_1_172' title='bbox 467 2544 539 2604; x_wconf 90' lang='lat' dir='ltr'><strong>mibi</strong></span> <span class='ocrx_word' id='word_1_173' title='bbox 562 2546 708 2622; x_wconf 78' lang='lat' dir='ltr'><strong>contingit</strong></span> <span class='ocrx_word' id='word_1_174' title='bbox 730 2547 843 2623; x_wconf 84' lang='lat' dir='ltr'><strong>origine</strong></span> <span class='ocrx_word' id='word_1_175' title='bbox 867 2545 1000 2605; x_wconf 85' lang='lat' dir='ltr'><strong>mensis.</strong></span> 
     </span>
     <span class='ocr_line' id='line_1_28' title="bbox 226 2630 947 2714; baseline 0 -21"><span class='ocrx_word' id='word_1_176' title='bbox 226 2633 336 2695; x_wconf 89' lang='lat' dir='ltr'><strong>Unicus</strong></span> <span class='ocrx_word' id='word_1_177' title='bbox 360 2641 428 2714; x_wconf 91' lang='lat' dir='ltr'><strong>est,</strong></span> <span class='ocrx_word' id='word_1_178' title='bbox 451 2633 487 2692; x_wconf 92' lang='lat' dir='ltr'><strong>de</strong></span> <span class='ocrx_word' id='word_1_179' title='bbox 511 2650 569 2711; x_wconf 93' lang='lat' dir='ltr'><strong>quo</strong></span> <span class='ocrx_word' id='word_1_180' title='bbox 594 2631 806 2714; x_wconf 80' lang='lat' dir='ltr'><strong>sollicitamur,</strong></span> <span class='ocrx_word' id='word_1_181' title='bbox 829 2630 947 2693; x_wconf 90' lang='lat' dir='ltr'><strong>bonor.</strong></span> 
     </span>
     <span class='ocr_line' id='line_1_29' title="bbox 182 2719 1052 2802; baseline -0.003 -20"><span class='ocrx_word' id='word_1_182' title='bbox 182 2721 259 2792; x_wconf 83' lang='lat' dir='ltr'><strong>Quid</strong></span> <span class='ocrx_word' id='word_1_183' title='bbox 282 2740 393 2801; x_wconf 80' lang='lat' dir='ltr'><strong>grave,</strong></span> <span class='ocrx_word' id='word_1_184' title='bbox 417 2722 444 2781; x_wconf 91' lang='lat' dir='ltr'><strong>si</strong></span> <span class='ocrx_word' id='word_1_185' title='bbox 466 2721 584 2782; x_wconf 89' lang='lat' dir='ltr'><strong>titulum</strong></span> <span class='ocrx_word' id='word_1_186' title='bbox 607 2723 741 2802; x_wconf 84' lang='lat' dir='ltr'><strong>mensis,</strong></span> <span class='ocrx_word' id='word_1_187' title='bbox 764 2720 919 2801; x_wconf 83' lang='lat' dir='ltr'><strong>Romane,</strong></span> <span class='ocrx_word' id='word_1_188' title='bbox 943 2719 1052 2781; x_wconf 87' lang='lat' dir='ltr'><strong>dedisti</strong></span> 
     </span>
     <span class='ocr_line' id='line_1_30' title="bbox 227 2804 899 2888; baseline 0.003 -20"><span class='ocrx_word' id='word_1_189' title='bbox 227 2808 364 2869; x_wconf 91' lang='lat' dir='ltr'><strong>Herculis</strong></span> <span class='ocrx_word' id='word_1_190' title='bbox 389 2811 495 2888; x_wconf 85' lang='lat' dir='ltr'><strong>uxori,</strong></span> <span class='ocrx_word' id='word_1_191' title='bbox 518 2810 735 2888; x_wconf 86' lang='lat' dir='ltr'><strong>posteritasque</strong></span> <span class='ocrx_word' id='word_1_192' title='bbox 759 2804 899 2870; x_wconf 85' lang='lat' dir='ltr'><strong>memor?</strong></span> 
     </span>
     <span class='ocr_line' id='line_1_31' title="bbox 184 2893 1090 2976; baseline -0.004 -20"><span class='ocrx_word' id='word_1_193' title='bbox 184 2897 261 2958; x_wconf 90' lang='lat' dir='ltr'><strong>Haec</strong></span> <span class='ocrx_word' id='word_1_194' title='bbox 286 2915 405 2974; x_wconf 89' lang='lat' dir='ltr'><strong>quoquc</strong></span> <span class='ocrx_word' id='word_1_195' title='bbox 428 2905 508 2957; x_wconf 90' lang='lat' dir='ltr'><strong>terra</strong></span> <span class='ocrx_word' id='word_1_196' title='bbox 527 2896 637 2976; x_wconf 91' lang='lat' dir='ltr'><strong>aliquid</strong></span> <span class='ocrx_word' id='word_1_197' title='bbox 657 2895 746 2957; x_wconf 92' lang='lat' dir='ltr'><strong>debet</strong></span> <span class='ocrx_word' id='word_1_198' title='bbox 769 2896 840 2956; x_wconf 89' lang='lat' dir='ltr'><strong>mibi</strong></span> <span class='ocrx_word' id='word_1_199' title='bbox 863 2898 989 2959; x_wconf 89' lang='lat' dir='ltr'><strong>nomine</strong></span> <span class='ocrx_word' id='word_1_200' title='bbox 1006 2893 1090 2972; x_wconf 82' lang='lat' dir='ltr'><strong>magui</strong></span> 
     </span>
     <span class='ocr_line' id='line_1_32' title="bbox 134 2982 955 3066; baseline -0.002 -18"><span class='ocrx_word' id='word_1_201' title='bbox 134 3000 167 3048; x_wconf 86' lang='lat'><strong>80</strong></span> <span class='ocrx_word' id='word_1_202' title='bbox 227 2985 388 3063; x_wconf 85' lang='lat' dir='ltr'><strong>Coniugis.</strong></span> <span class='ocrx_word' id='word_1_203' title='bbox 429 2983 488 3043; x_wconf 89' lang='lat' dir='ltr'><strong>buc</strong></span> <span class='ocrx_word' id='word_1_204' title='bbox 511 2994 611 3062; x_wconf 93' lang='lat' dir='ltr'><strong>captas</strong></span> <span class='ocrx_word' id='word_1_205' title='bbox 634 2983 745 3063; x_wconf 88' lang='lat' dir='ltr'><strong>appulit</strong></span> <span class='ocrx_word' id='word_1_206' title='bbox 768 2982 817 3043; x_wconf 89' lang='lat' dir='ltr'><strong>ille</strong></span> <span class='ocrx_word' id='word_1_207' title='bbox 840 2982 955 3066; x_wconf 84' lang='lat' dir='ltr'><strong>bores,</strong></span> 
     </span>
     <span class='ocr_line' id='line_1_33' title="bbox 182 3071 940 3150; baseline -0.003 -15"><span class='ocrx_word' id='word_1_208' title='bbox 182 3075 236 3135; x_wconf 90' lang='lat' dir='ltr'><strong>llic</strong></span> <span class='ocrx_word' id='word_1_209' title='bbox 260 3072 334 3133; x_wconf 88' lang='lat' dir='ltr'><strong>male</strong></span> <span class='ocrx_word' id='word_1_210' title='bbox 358 3072 498 3132; x_wconf 81' lang='lat' dir='ltr'><strong>defensus</strong></span> <span class='ocrx_word' id='word_1_211' title='bbox 521 3071 646 3132; x_wconf 81' lang='lat' dir='ltr'><strong>flammis</strong></span> <span class='ocrx_word' id='word_1_212' title='bbox 670 3080 699 3132; x_wconf 89' lang='lat' dir='ltr'><strong>et</strong></span> <span class='ocrx_word' id='word_1_213' title='bbox 722 3071 790 3132; x_wconf 93' lang='lat' dir='ltr'><strong>dote</strong></span> <span class='ocrx_word' id='word_1_214' title='bbox 813 3079 940 3150; x_wconf 89' lang='lat' dir='ltr'><strong>paterna</strong></span> 
     </span>
     <span class='ocr_line' id='line_1_34' title="bbox 227 3158 961 3238; baseline 0.003 -15"><span class='ocrx_word' id='word_1_215' title='bbox 227 3162 321 3223; x_wconf 88' lang='lat' dir='ltr'><strong>Cacus</strong></span> <span class='ocrx_word' id='word_1_216' title='bbox 344 3162 517 3221; x_wconf 78' lang='lat' dir='ltr'><strong>Aventinam</strong></span> <span class='ocrx_word' id='word_1_217' title='bbox 541 3162 682 3238; x_wconf 81' lang='lat' dir='ltr'><strong>sanguine</strong></span> <span class='ocrx_word' id='word_1_218' title='bbox 706 3161 794 3220; x_wconf 85' lang='lat' dir='ltr'><strong>tinxit</strong></span> <span class='ocrx_word' id='word_1_219' title='bbox 815 3158 961 3225; x_wconf 88' lang='lat' dir='ltr'><strong>humum.</strong></span> 
     </span>
     <span class='ocr_line' id='line_1_35' title="bbox 182 3247 1025 3329; baseline 0.004 -20"><span class='ocrx_word' id='word_1_220' title='bbox 182 3250 226 3310; x_wconf 81' lang='lat' dir='ltr'><strong>nd</strong></span> <span class='ocrx_word' id='word_1_221' title='bbox 250 3252 388 3329; x_wconf 90' lang='lat' dir='ltr'><strong>propiora</strong></span> <span class='ocrx_word' id='word_1_222' title='bbox 412 3266 522 3308; x_wconf 85' lang='lat' dir='ltr'><strong>vocor.</strong></span> <span class='ocrx_word' id='word_1_223' title='bbox 563 3248 705 3326; x_wconf 90' lang='lat' dir='ltr'><strong>populum</strong></span> <span class='ocrx_word' id='word_1_224' title='bbox 728 3247 852 3325; x_wconf 84' lang='lat' dir='ltr'><strong>digessit</strong></span> <span class='ocrx_word' id='word_1_225' title='bbox 874 3247 913 3309; x_wconf 93' lang='lat' dir='ltr'><strong>ab</strong></span> <span class='ocrx_word' id='word_1_226' title='bbox 937 3252 1025 3311; x_wconf 86' lang='lat' dir='ltr'><strong>annis</strong></span> 
     </span>
     <span class='ocr_line' id='line_1_36' title="bbox 227 3334 955 3416; baseline 0.001 -19"><span class='ocrx_word' id='word_1_227' title='bbox 227 3337 392 3416; x_wconf 73' lang='lat' dir='ltr'><strong>Romulum,</strong></span> <span class='ocrx_word' id='word_1_228' title='bbox 416 3338 447 3397; x_wconf 93' lang='lat' dir='ltr'><strong>in</strong></span> <span class='ocrx_word' id='word_1_229' title='bbox 470 3343 570 3414; x_wconf 91' lang='lat' dir='ltr'><strong>partes</strong></span> <span class='ocrx_word' id='word_1_230' title='bbox 593 3334 802 3413; x_wconf 89' lang='lat' dir='ltr'><strong>distribuitque</strong></span> <span class='ocrx_word' id='word_1_231' title='bbox 826 3334 921 3397; x_wconf 87' lang='lat' dir='ltr'><strong>duas:</strong></span> <span class='ocrx_word' id='word_1_232' title='bbox 951 3346 955 3351; x_wconf 86' lang='lat'>&#39;</span> 
     </span>
     <span class='ocr_line' id='line_1_37' title="bbox 136 3424 1032 3506; baseline 0.004 -22"><span class='ocrx_word' id='word_1_233' title='bbox 136 3437 168 3484; x_wconf 86' lang='lat'><strong>85</strong></span> <span class='ocrx_word' id='word_1_234' title='bbox 185 3425 264 3484; x_wconf 89' lang='lat' dir='ltr'><strong>Haec</strong></span> <span class='ocrx_word' id='word_1_235' title='bbox 288 3425 356 3484; x_wconf 91' lang='lat' dir='ltr'><strong>dare</strong></span> <span class='ocrx_word' id='word_1_236' title='bbox 381 3424 536 3484; x_wconf 86' lang='lat' dir='ltr'><strong>consilium</strong></span> <span class='ocrx_word' id='word_1_237' title='bbox 549 3469 558 3500; x_wconf 84' lang='lat'><strong><em>,</em></strong></span> <span class='ocrx_word' id='word_1_238' title='bbox 581 3441 714 3502; x_wconf 84' lang='lat' dir='ltr'><strong>pugnare</strong></span> <span class='ocrx_word' id='word_1_239' title='bbox 737 3425 868 3502; x_wconf 82' lang='lat' dir='ltr'><strong>paratior</strong></span> <span class='ocrx_word' id='word_1_240' title='bbox 891 3424 945 3487; x_wconf 93' lang='lat' dir='ltr'><strong>illa</strong></span> <span class='ocrx_word' id='word_1_241' title='bbox 967 3434 1032 3506; x_wconf 82' lang='lat' dir='ltr'><strong>est3</strong></span> 
     </span>
     <span class='ocr_line' id='line_1_38' title="bbox 229 3510 940 3592; baseline 0.008 -22"><span class='ocrx_word' id='word_1_242' title='bbox 229 3511 308 3571; x_wconf 89' lang='lat' dir='ltr'><strong>llaec</strong></span> <span class='ocrx_word' id='word_1_243' title='bbox 332 3519 411 3572; x_wconf 90' lang='lat' dir='ltr'><strong>aetas</strong></span> <span class='ocrx_word' id='word_1_244' title='bbox 435 3511 544 3572; x_wconf 88' lang='lat' dir='ltr'><strong>bellum</strong></span> <span class='ocrx_word' id='word_1_245' title='bbox 569 3510 694 3592; x_wconf 82' lang='lat' dir='ltr'><strong>suadet,</strong></span> <span class='ocrx_word' id='word_1_246' title='bbox 717 3520 747 3572; x_wconf 92' lang='lat' dir='ltr'><strong>at</strong></span> <span class='ocrx_word' id='word_1_247' title='bbox 768 3510 817 3572; x_wconf 90' lang='lat' dir='ltr'><strong>illa</strong></span> <span class='ocrx_word' id='word_1_248' title='bbox 839 3515 940 3590; x_wconf 80' lang='lat' dir='ltr'><strong>gerit.</strong></span> 
     </span>
    </p>
   </div>
   <div class='ocr_carea' id='block_1_3' title="bbox 0 0 1204 3892">
    <p class='ocr_par' dir='ltr' id='par_1_3' title="bbox 0 0 1204 3892">
     <span class='ocr_line' id='line_1_39' title="bbox 0 0 1204 3892; baseline 0 0"><span class='ocrx_word' id='word_1_249' title='bbox 0 0 1204 3892; x_wconf 95' lang='lat' dir='ltr'><strong> </strong></span> 
     </span>
    </p>
   </div>
  </div>
 </body>
</html>
