2386 3892
92 184 134 248 53
509 182 680 235 umsmuu

132 361 165 411 ru
179 348 352 427 Purpureus
376 345 456 407 molli
479 347 529 406 liat
551 348 582 406 in
608 363 660 406 ore
682 344 797 425 pudor.

181 435 241 497 Sed
263 436 356 512 magis
378 437 409 495 in
432 451 534 494 curam
557 435 821 511 nostriconsurge
843 430 966 510 tuendi,

180 522 415 601 Exemplumque
437 521 509 581 mihi
533 523 667 600 coniugis
690 528 754 581 estc
778 518 890 600 bonae,

181 611 390 688 Materiemque
414 611 473 670 tuis
497 611 613 670 tristem
636 607 796 670 virtutibus
819 605 927 686 imple:

181 699 279 760 Ardua
302 716 356 777 per
378 715 521 776 praeceps
543 696 637 775 gloria
659 695 738 756 vadit
759 698 835 757 iter.

134 797 167 848 75
182 786 309 847 Hectora
333 787 399 864 quis
422 792 545 866 nosset,
568 783 638 844 lelix
661 786 688 844 si
709 783 798 844 Troia
821 777 954 843 luisset?

182 873 304 935 Publica
326 874 444 934 virtutis
467 889 521 952 per
544 871 619 932 mala
641 873 718 932 facte
740 873 785 931 vie
808 879 871 931 est.

181 963 238 1023 Ars
257 969 325 1040 tua,
343 960 456 1039 Tiphy,
474 967 575 1040 vacet,
594 962 620 1019 si
638 977 698 1020 non
718 961 805 1019 sitin
824 975 953 1036 aequore
971 956 1101 1018 fluctus:

184 1049 216 1109 Si
238 1048 353 1108 valeant
375 1047 531 1128 homines,
555 1065 602 1107 ars
625 1055 698 1126 tua,
720 1045 862 1125 Phoebe,
885 1052 987 1106 vacet.

183 1136 264 1207 Quae
286 1135 358 1196 latet
379 1137 470 1213 inque
492 1133 579 1194 bunis
602 1142 698 1195 cessat
723 1151 783 1194 non
806 1135 924 1212 cognita
946 1131 1059 1214 rebus,

135 1237 169 1286 80
183 1225 313 1302 Apparet
334 1224 428 1284 virtus
452 1224 644 1302 arguiturque
667 1221 769 1283 malis.
828 1255 833 1264 ·

184 1312 238 1373 Dat
261 1309 316 1371 tibi
338 1318 439 1371 nostre
462 1309 561 1371 lucum
583 1310 662 1371 tituli
685 1311 827 1391 lectuna,
846 1316 995 1388 caputque

184 1399 382 1479 Conspicuum
405 1400 500 1476 pietas
523 1415 580 1477 qua
604 1407 655 1459 tue
677 1397 781 1478 tollat,
803 1395 909 1458 habet.

183 1487 273 1548 Utere
291 1485 497 1566 temporibus,
521 1503 648 1564 quorum
671 1503 751 1546 nunc
774 1501 898 1545 munere
917 1480 941 1563 †
960 1485 1035 1567 freta
1055 1493 1102 1545 est

183 1574 221 1635 Et
243 1581 324 1654 patet
346 1576 377 1634 in
399 1571 502 1634 laudes
525 1591 593 1634 area
616 1592 721 1653 magna
744 1571 827 1634 tuasl

569 1765 631 1838 IV.

186 1924 210 1985 Ο
235 1925 308 2005 qui,
330 1923 499 1985 numinibus
522 1942 590 1984 cum
613 1925 655 1984 sis
678 1940 841 2002 generosus
864 1940 1004 1998 avorum,

185 2010 353 2089 Exsuperas
377 2029 493 2072 morum
515 2010 669 2072 nobilitate
691 2029 803 2091 genus,
889 2034 891 2038 ⁴

187 2099 277 2160 Cuius
300 2101 379 2160 inest
401 2101 499 2159 enimc
521 2102 609 2178 patrii
632 2099 768 2160 candoris
791 2102 905 2181 imago,

186 2187 252 2246 Non
275 2194 373 2247 careat
395 2189 495 2248 nervis
518 2186 627 2248 candor
651 2196 685 2249 ut
706 2190 763 2248 iste
786 2191 866 2268 suis,

157 2275 279 2335 5Cuius
301 2278 332 2334 in
355 2277 473 2353 ingenio
497 2284 543 2336 est
564 2278 676 2355 patriae
699 2275 836 2336 facundia
858 2275 994 2355 linguas,

188 2361 252 2432 Qua
274 2364 356 2442 prior
378 2365 410 2422 in
432 2361 515 2424 Latio
538 2380 597 2423 nun
621 2364 678 2424 luit
699 2362 759 2425 ulla
781 2364 846 2424 loru
865 2395 900 2407 —

189 2450 274 2521 Quod
297 2453 417 2511 minime
439 2450 519 2513 volui
531 2498 541 2532 ‚
563 2453 668 2531 positis
691 2468 746 2530 prc
769 2454 888 2513 numine
911 2454 1004 2531 signis

188 2538 290 2600 Dictus
314 2557 368 2600 es:
404 2542 539 2618 ignoscas
562 2538 698 2600 laudibus
721 2542 785 2619 ipse
808 2539 887 2601 tuis!

189 2625 236 2687 Nil
259 2645 313 2705 ego
336 2630 477 2706 peccavi;
500 2635 603 2688 tuate
627 2627 703 2688 buna
726 2631 843 2706 cognita
864 2628 1012 2708 produnt.

143 2726 175 2773 10
191 2711 223 2772 Si
246 2714 324 2792 quod
348 2732 402 2794 es,
426 2732 572 2796 appares,
595 2716 681 2795 culpa
705 2716 799 2777 seluta
824 2734 888 2777 mea
911 2723 974 2777 est.

189 2800 250 2860 Nec
273 2810 371 2861 tamen
395 2802 525 2862 officium
547 2812 650 2864 nestro
678 2804 734 2864 tibi
756 2807 886 2864 carmine
908 2805 1018 2865 lactum

190 2887 329 2966 Principe
352 2896 412 2949 tam
433 2891 513 2950 iustu
536 2908 623 2969 posse
647 2909 755 2952 nocere
777 2899 868 2973 putu.

190 2973 256 3053 lpse
279 2983 364 3054 pater
386 2980 497 3055 petrice
516 3011 552 3022 -
575 2979 646 3058 quid
670 2981 748 3041 enim
772 2987 818 3041 est
841 2980 956 3042 civilius
978 2975 1053 3040 illo?
1071 3007 1103 3019 -

192 3062 326 3125 Sustinet
347 3066 378 3125 in
402 3074 504 3126 nostro
528 3071 658 3128 carmine
682 3086 770 3148 saepe
792 3068 867 3148 legi.

145 3164 176 3211 15
191 3151 251 3213 Nec
275 3151 432 3233 probibere
455 3163 554 3232 potest
566 3202 576 3236 ‚
603 3158 672 3235 quie
695 3173 744 3216 res
772 3164 818 3216 est
844 3155 963 3235 publica
986 3155 1103 3233 Caesar,

191 3239 229 3299 Et
252 3240 288 3302 de
312 3244 462 3303 communi
483 3260 552 3321 pars
575 3262 693 3322 queque
717 3252 818 3305 nostra
840 3243 919 3305 bono
943 3252 1004 3306 est.

193 3326 324 3408 luppiter
347 3332 473 3409 ingeniis
495 3330 618 3410 praebet
641 3349 694 3392 sua
717 3334 838 3394 numine
860 3340 978 3417 vatum,

193 3413 291 3493 Seque
315 3417 460 3478 celebrari
482 3418 615 3496 quolibet
638 3437 689 3480 cre
713 3423 800 3482 sinit.

194 3500 287 3563 Causa
310 3512 360 3565 tua
383 3505 516 3584 exemplo
540 3526 717 3586 superorum
740 3516 802 3570 tuta
826 3510 953 3572 duorum
976 3518 1038 3590 est,
