2386 3892
138 179 179 243 τις
552 178 723 230 rnrsrruu
829 214 831 219 ,

226 342 288 403 Sim
311 342 381 403 licet
404 349 594 421 extremum,
622 341 700 402 sicut
722 357 810 420 sum,
836 341 947 401 missus
969 341 1002 401 in
1025 338 1144 423 orbem,

179 443 212 490 10
225 430 334 491 Nostra
358 448 427 491 suas
450 431 528 490 istuc
550 430 684 508 porriget
705 429 749 487 ira
772 444 896 488 manus.

227 517 354 597 Omnia,
378 520 403 578 si
426 519 547 597 nescis,
569 515 676 576 Caesar
699 515 772 576 mihi
794 517 860 576 iura
882 515 1021 597 reliquit,

226 604 264 665 Et
288 604 348 666 sola
372 612 418 665 est
441 606 536 682 patria
558 621 653 682 poena
676 620 777 664 carere
801 620 883 664 mea.

226 691 265 753 Et
287 694 433 774 patriam,
457 691 544 752 modo
567 693 607 752 sit
629 708 754 771 sospes,
777 708 931 769 speramus
954 691 992 753 ab
1014 691 1080 753 illo:

228 780 321 859 Saepe
344 779 421 841 lovis
444 780 503 840 telo
527 796 657 858 quercus
680 779 784 839 adusta
806 781 899 840 viret.

180 879 212 928 15
228 868 360 946 denique
384 867 529 929 vindictae
552 869 579 928 ei
602 868 641 928 sit
663 865 736 926 mihi
758 865 839 927 nulla
861 866 1003 948 facultas,

226 955 360 1016 Pierides
383 958 462 1016 vires
485 962 516 1015 et
539 973 592 1015 sua
615 953 673 1015 tela
696 953 825 1015 dabunt.

227 1042 312 1113 Quod
337 1042 482 1122 Scythicis
505 1041 634 1103 habitem
657 1041 744 1121 longo
768 1049 934 1104 summotus
956 1044 989 1104 in
1011 1045 1090 1124 oris,

228 1130 372 1209 Siccaque
396 1132 456 1193 sint
478 1130 573 1196 oculis
595 1131 729 1209 proxima
752 1132 835 1208 signa
857 1131 950 1191 mais:

185 1230 188 1238 ·
226 1217 334 1279 Nostra
357 1236 411 1297 per
433 1221 583 1279 inmensas
605 1217 692 1278 ibunt
714 1219 871 1296 praeconia
893 1226 1017 1300 gentes,

178 1317 211 1366 20
227 1306 372 1385 Quodque
396 1324 527 1386 querar,
550 1313 675 1379 notum,
699 1323 756 1383 qua
778 1313 860 1384 petat
882 1305 987 1386 orbis,
1011 1309 1085 1368 erit.

226 1393 284 1454 lbit
306 1394 342 1454 ad
365 1412 525 1473 occasum,
548 1392 690 1471 quicquid
714 1393 869 1475 dicemus,
891 1391 927 1453 ab
950 1401 1038 1476 ortu,

228 1481 325 1543 Testis
349 1490 380 1542 et
401 1482 555 1562 hesperiae
578 1482 659 1542 vocis
683 1498 755 1541 cous
779 1483 858 1542 erit.

228 1569 323 1629 Trans
347 1587 401 1647 ego
423 1569 584 1650 tellurem,
606 1575 688 1629 trans
710 1567 783 1630 altas
805 1567 908 1630 audiar
930 1570 1042 1652 undae,

227 1656 266 1716 Et
288 1659 415 1735 gemitus
438 1674 494 1717 vox
518 1667 564 1716 est
586 1673 691 1734 magna
713 1656 814 1717 futura
836 1658 916 1736 mei,

178 1756 212 1804 25
227 1743 288 1804 Nec
311 1751 362 1804 tua
386 1751 415 1804 te
438 1751 554 1805 sontem
577 1743 780 1805 tantummodo
804 1743 921 1805 saecula
944 1747 1061 1807 norint:

226 1831 392 1909 Perpetuae
416 1834 528 1892 crimen
551 1833 734 1910 posteritatis
757 1833 834 1894 aris.

226 1917 287 1978 lam
310 1919 390 1978 seror
413 1921 444 1980 in
467 1937 603 1999 pugnas,
627 1927 657 1981 et
679 1918 811 1981 nondum
834 1937 947 1982 cornua
968 1923 1101 2003 sumpsi,

226 2005 288 2067 Nec
311 2005 383 2066 mihi
406 2007 542 2068 sumendi
565 2024 653 2068 eausa
676 2009 716 2068 sit
738 2007 818 2089 ulla,
842 2007 945 2070 velim.

227 2093 331 2154 Circus
354 2093 450 2156 adhuc
473 2103 591 2175 cessat3
615 2096 727 2174 spargit
750 2102 848 2157 tamen
871 2113 939 2156 acer
962 2113 1083 2159 arenam

178 2193 212 2242 30
226 2180 343 2241 Taurus
367 2190 397 2243 et
418 2182 525 2244 infesto
549 2184 607 2242 iam
629 2182 704 2261 peda
727 2183 826 2260 pulsat
847 2182 990 2245 humum.

227 2268 290 2329 Hoc
317 2287 458 2350 quoque,
482 2288 569 2349 quam
592 2269 671 2331 volui
684 2317 693 2350 ,
716 2270 783 2349 plus
806 2279 872 2333 est.
912 2289 1007 2352 canc,
1029 2271 1131 2353 Musa,

650 2366 809 2439 receptus,

227 2444 303 2509 Dum
325 2443 396 2506 licet
417 2445 487 2506 huic
510 2463 620 2507 noman
643 2444 829 2507 dissimulare
852 2444 957 2509 suum!

616 2637 658 2711 X.

227 2792 280 2853 lllc
303 2811 357 2871 ego
381 2796 432 2872 qui
455 2794 585 2874 inerim,
609 2802 780 2857 tenerorum
802 2796 885 2857 lusor
908 2815 1059 2879 amorum,

228 2881 323 2951 Quem
345 2881 441 2962 legis,
464 2889 498 2942 ut
520 2884 602 2947 noris
614 2929 625 2963 ,
648 2886 749 2962 accipe
771 2887 948 2963 posteritas.

229 2968 330 3028 Sulmo
353 2967 426 3028 mihi
449 2971 543 3048 patria
566 2978 612 3032 est
623 3016 634 3050 ,
656 2971 760 3049 gelidis
783 2970 953 3034 uberrimus
976 2973 1082 3053 undis,

228 3055 306 3119 Milia
330 3058 382 3135 qui
404 3059 505 3117 novies
528 3056 617 3119 distat
639 3057 675 3119 ab
701 3057 777 3119 Urba
801 3059 922 3121 decem.

196 3143 333 3204 oEditus
356 3143 404 3204 hic
427 3161 482 3222 ego
506 3163 594 3225 sum3
616 3163 672 3208 nec
695 3164 756 3206 non
778 3155 812 3208 ut
834 3155 969 3226 tempora
990 3149 1092 3230 aomo,

228 3231 303 3293 Cum
325 3231 434 3293 cecidit
456 3232 515 3293 fato
539 3232 644 3293 consul
666 3242 793 3312 uterque
816 3237 898 3313 pari.
930 3273 936 3282 ·

228 3319 332 3398 Siquid
356 3319 471 3401 idest,
493 3338 589 3399 usque
612 3339 629 3381 a
651 3323 769 3400 proavis
790 3330 876 3384 vetus
899 3323 1013 3385 ordinis
1038 3321 1146 3403 heras,

226 3405 292 3466 Non
316 3406 403 3467 modo
426 3408 562 3468 fortunae
587 3426 710 3469 munere
733 3409 829 3471 sactus
852 3428 964 3490 eques.

226 3491 288 3553 Nec
311 3495 402 3572 stirps
425 3497 520 3574 prima
543 3496 608 3576 sni3
631 3498 730 3574 genito
755 3514 821 3558 sum
845 3498 936 3561 fratre
960 3506 1097 3580 creatus,
