2386 3892
1023 171 1087 226 XIII

170 339 207 399 V.
238 341 299 399 396
333 338 495 398 rectissime
522 336 645 396 Ellisius
675 336 806 412 notavit3
839 331 940 397 ‘unde'
969 336 1087 413 scripsit

85 419 143 485 ‘hic
161 426 358 486 Lemniades?
394 429 494 484 cetera
512 425 592 483 enim
610 425 686 484 serie
705 444 806 484 rerum
824 426 991 501 cohaerent,
1011 425 1087 485 sicut

90 514 162 588 apud
185 507 409 590 Apollodorum’
432 513 497 571 rell.

172 602 208 662 V.
233 604 295 661 418
323 602 412 677 plane
435 600 631 660 balbutientis
655 601 767 660 scribas
792 602 1020 660 deliramentum
1041 601 1085 660 vi·

94 688 183 765 detur,
214 690 291 748 unde
323 688 397 747 nihil
430 688 494 747 sani
522 687 702 749 extunditur.
753 689 823 748 libri
855 689 933 748 enim
966 708 1085 749 consen-

97 777 174 845 tiunt,
195 778 253 836 nisi
276 778 354 852 quod
377 794 460 835 meus
483 775 510 834 A
530 776 661 851 Hauptio
685 779 763 836 teste
787 780 818 835 11
840 778 918 836 altor
940 795 999 835 non
1021 778 1085 836 vul·

50 898 53 933 ,
99 865 165 939 garis
188 866 333 925 distichon
356 867 419 923 417
445 866 507 922 418
532 867 601 923 ante
625 866 688 923 415
709 866 772 923 416
792 865 900 939 locant,
923 882 982 940 quo
1001 883 1086 941 argu-

50 942 52 984 ¹
101 955 184 1011 mento
214 953 305 1029 siquis
337 954 435 1011 totum
467 951 626 1026 distichon,
656 970 716 1011 non
747 953 834 1012 modo
866 956 1085 1028 pentametrum

104 1041 218 1112 spurium
246 1040 416 1100 existimare
443 1039 529 1114 velit,
560 1039 636 1097 nihil
663 1039 777 1100 decedit
809 1041 1011 1100 observationi
1036 1059 1087 1099 no·

104 1130 175 1189 strae.
220 1128 402 1188 Schraderus
422 1128 500 1204 quod
517 1145 625 1186 nexum
639 1127 718 1186 inter
732 1130 794 1189 413
811 1131 875 1188 414
896 1133 926 1188 11
942 1131 1004 1188 415
1021 1132 1084 1188 416

106 1215 279 1293 desiderabat,
307 1217 401 1291 possit
423 1216 454 1274 id
477 1215 595 1291 elevari,
625 1216 650 1275 si
671 1235 792 1275 versum
816 1218 890 1290 418,
913 1217 964 1294 qui
986 1218 1087 1293 genui·

106 1319 149 1361 nus
166 1305 232 1380 fuit,
256 1304 398 1380 apodosin
420 1304 557 1363 habuisse
581 1306 730 1379 putemus.

175 1392 207 1451 V.
232 1396 294 1452 508
318 1395 516 1467 pentameter,
540 1410 578 1450 an
601 1391 762 1466 distichon,
787 1391 866 1466 quod
888 1394 986 1450 totum
1008 1391 1087 1450 locu-

109 1476 197 1538 tionem
216 1481 422 1540 scholasticam
440 1480 540 1555 habet,
562 1479 794 1555 interpolatoris,
814 1480 893 1537 certe
911 1498 983 1536 num
1001 1479 1087 1537 unius

108 1569 213 1628 auctoris
246 1569 297 1645 sit,
333 1567 464 1627 dubitari
498 1569 606 1641 potest.
660 1585 730 1643 pars
765 1567 900 1626 inscitior
938 1570 984 1626 111
1016 1585 1087 1643 pen·

109 1653 219 1716 tametor.

177 1743 208 1803 V.
232 1746 294 1804 556
323 1744 490 1819 exemplum
517 1741 622 1802 Glauci
644 1742 826 1802 Anthedonii
853 1763 943 1819 quam
971 1744 1010 1802 sit
1038 1745 1089 1802 ab·

110 1830 220 1906 surdum,
243 1850 333 1906 supra
355 1835 401 1890 est
423 1831 593 1891 indicatum.

177 1918 288 1978 Horum
305 1920 438 1978 locorum
455 1923 518 1978 tres
536 1919 649 1993 priores
668 1918 746 1978 inter
764 1936 795 1977 11
813 1919 989 1994 viganorum
1003 1918 1088 1977 bino-

110 2015 160 2061 mm
182 2025 319 2065 versuum
345 2008 503 2067 intervallo
531 2006 657 2065 distant:
685 2007 763 2082 quod
792 2007 922 2081 spatium
949 2006 975 2064 si
1002 2008 1090 2080 putes

110 2092 262 2166 paginarum
285 2095 393 2154 codicis
417 2094 541 2153 alicuius
560 2095 715 2170 archetypi
733 2093 834 2169 fuisse,
857 2095 959 2168 quales
977 2094 1009 2150 in
1028 2093 1088 2150 cdi-

110 2173 179 2238 tionis
193 2186 314 2241 nostrae
332 2182 515 2258 marginibus
534 2182 691 2241 adnotatas
710 2182 810 2256 habes,
830 2181 980 2240 desierunt
997 2179 1090 2255 igitur

110 2267 212 2341 caphae
238 2273 300 2330 tres
328 2271 359 2327 in
386 2288 438 2328 eos
464 2272 558 2346 locos,
591 2270 678 2328 desiit
710 2270 818 2346 pagina
847 2261 896 2348 (6)
924 2269 955 2326 in
983 2268 1089 2341 locum,

110 2366 178 2422 luem
196 2358 410 2434 interpolatum
434 2376 524 2434 supra
546 2356 757 2414 intelleximus:
786 2357 869 2414 nulla
898 2373 1024 2429 usquam
1047 2355 1089 2413 in-

109 2447 251 2516 equalitas
275 2445 452 2522 paginarum
475 2448 566 2519 extat,
589 2446 797 2519 praeterquam
820 2444 851 2500 in
873 2443 984 2516 pagina
1007 2435 1089 2520 (23),

109 2541 167 2597 quse
186 2554 243 2593 uno
267 2535 406 2609 disticho,
430 2537 461 2593 et
485 2526 570 2614 (25),
594 2550 670 2607 quae
693 2531 807 2589 duobus
830 2528 983 2587 modulum
1005 2528 1090 2586 illum

108 2627 221 2698 superat,
245 2623 281 2682 de
305 2641 363 2698 qua
386 2641 417 2681 re
440 2622 564 2697 posthac
588 2621 710 2679 (1111111.

177 2712 317 2770 Aetatem
335 2711 423 2768 huius
441 2709 597 2786 archetypi
614 2727 674 2767 non
692 2706 888 2765 definiverim:
907 2708 1090 2783 corruptelas

106 2799 251 2862 quasdam·
268 2799 331 2858 eius
368 2798 488 2857 memini
524 2816 540 2856 1
572 2797 719 2873 scriptura
754 2796 875 2871 unciali,
913 2796 1009 2873 qualis
1046 2799 1091 2854 est

105 2874 250 2960 fragmenti
274 2885 509 2962 Guelferbytani,
531 2888 612 2944 ortas
635 2884 739 2958 videri,
767 2885 850 2944 cuius
873 2884 999 2960 paginae
1023 2887 1092 2942 sunt

105 2980 227 3033 versuum
241 2975 418 3050 vigenarum
431 2972 596 3048 quinarum,
611 2972 778 3031 altitudinis
792 2991 881 3048 quam
894 2972 987 3030 babet
1001 2971 1091 3027 editio

103 3068 157 3118 mea
182 3062 377 3122 Reimeriana.
431 3060 522 3118 Plinii
548 3079 620 3136 qnos
643 3061 766 3118 Monens
793 3059 950 3133 descripsit
978 3057 1091 3115 codices

103 3147 183 3207 multo
206 3150 388 3225 antiquiores
410 3169 459 3225 pp.
473 3161 534 3208 XVI
553 3161 649 3208 xxxv
668 3160 786 3214 XXXIX,
810 3148 912 3205 codem
935 3145 998 3201 fere
1023 3148 1092 3202 sunt

103 3244 227 3295 versuum
255 3257 308 3312 per
335 3236 459 3313 paginas
486 3255 616 3296 numero.
670 3237 700 3294 id
727 3236 867 3294 volumen
889 3250 955 3289 cum
979 3232 1092 3291 senium

50 3318 53 3343 ²
102 3313 151 3380 itm
173 3326 312 3399 duxisset,
336 3325 397 3383 situ
419 3327 472 3382 aut
490 3324 610 3382 madore
629 3324 668 3381 ab
687 3320 820 3381 inferiori
838 3323 923 3393 parte
943 3320 1091 3394 affectum,

104 3431 134 3450 ·
157 3432 244 3488 quem
267 3412 364 3487 ipsum
387 3412 420 3470 in
441 3411 561 3470 modum
579 3409 721 3484 Aeschyli
739 3408 934 3482 archetypum
952 3409 1090 3468 vitiatum

101 3489 181 3559 fuisse
196 3499 406 3573 demonstravi,
420 3499 550 3557 codicem
562 3495 747 3555 Bessarionis
756 3491 964 3573 bombycinum
980 3498 1092 3570 aparte
