2386 3892
418 177 464 227 IV.
483 188 508 227 11
522 179 684 230 30-11149.
988 179 1052 244 189

138 339 188 400 llle
213 357 289 419 ego,
313 341 365 417 qui
386 341 500 418 primus
523 348 574 399 tua
597 342 672 400 seria
696 358 784 401 nosse
808 340 936 402 solebam

181 427 218 488 Et
241 424 295 487 tibi
318 427 455 487 iucundis
478 429 591 506 primus
616 428 718 490 adesse
740 431 832 491 iocis:

89 528 122 575 15
137 515 187 575 llle
211 533 265 593 ego
290 517 440 575 convictor
463 515 613 593 densoque
636 515 816 578 domesticus
839 536 914 598 usu,

180 603 231 663 llle
255 620 309 681 ego
332 601 449 663 iudiciis
472 606 559 663 unica
581 603 664 664 Musa
687 604 764 665 tuisl

137 690 187 751 Ille
211 710 264 769 ego
289 708 377 770 sum,
401 693 452 769 qui
474 709 554 752 nunc
577 709 614 751 an
637 694 731 752 vivam
744 739 753 771 ,
776 693 913 774 perfide,
935 696 1051 775 nescis,

181 778 257 839 Cura
280 778 335 839 tibi
358 778 394 838 de
418 797 476 857 quo
501 797 643 857 quaerere
667 779 746 840 nulla
769 781 841 841 luit.

139 867 203 927 Sive
228 868 270 928 lui
293 885 453 945 numquam
477 885 586 948 carus,
610 868 763 929 simulasse
786 870 905 930 lateris:

88 968 123 1015 ao
182 955 241 1015 Seu
264 971 324 1014 non
347 955 500 1034 fingebas,
523 958 673 1017 inveniere
697 956 786 1018 levis.

136 1043 193 1104 Aut
216 1061 291 1123 age,
314 1043 361 1103 dic
385 1042 533 1124 aliquam,
557 1061 631 1122 quae
655 1054 684 1104 te
708 1047 887 1125 mutaverit,
910 1047 1002 1106 uam:

180 1129 252 1192 Nam
276 1133 333 1191 nisi
356 1134 431 1191 iusta
455 1140 505 1191 tua
530 1140 596 1211 est,
618 1135 695 1193 iusta
719 1133 849 1213 querella
872 1151 936 1193 mea
960 1141 1021 1194 est.

137 1218 220 1289 Quod
244 1228 273 1279 te
292 1236 371 1279 nunc
395 1222 508 1279 crimen
532 1219 657 1280 similem
676 1228 753 1280 vetat
772 1238 838 1281 esse
860 1217 980 1300 priori?
994 1233 1050 1283 (111)

180 1308 223 1367 An
248 1308 383 1387 crimen,
407 1309 491 1385 coepi
515 1306 593 1385 quod
616 1309 706 1367 miser
730 1325 818 1387 esse,
841 1305 953 1368 vocas?

88 1408 121 1454 25
138 1395 168 1456 Si
190 1395 262 1455 mihi
284 1394 375 1456 rebus
398 1413 484 1474 opem
507 1394 617 1456 nullam
640 1395 784 1473 factisque
807 1394 941 1477 ferebas,

179 1482 313 1544 Venisset
336 1482 433 1543 verbis
457 1482 557 1543 charta
580 1490 679 1543 notata
702 1482 815 1544 trihus.

138 1571 188 1631 Vix
211 1571 348 1649 equidem
372 1571 483 1650 credo,
507 1571 558 1631 sed
583 1580 612 1632 et
635 1570 777 1632 insultare
800 1573 908 1632 iacenti

179 1659 221 1719 'l'e
244 1658 338 1739 mihi,
362 1677 417 1719 nec
440 1658 538 1719 verbis
561 1677 684 1737 parcere
708 1659 784 1720 lama
807 1661 917 1721 refert.

137 1746 212 1816 Ouid
235 1749 307 1807 facis
320 1795 329 1827 ,
352 1746 390 1807 a!
422 1745 574 1809 demens?
606 1766 681 1829 cur,
704 1750 730 1808 si
753 1748 871 1810 fortuna
893 1747 1032 1828 recedat,

88 1848 121 1895 30
180 1835 337 1914 Naufragio
361 1835 496 1896 lacrimas
520 1838 611 1915 eripis
634 1839 697 1915 ipse
721 1834 800 1898 tuo?

136 1923 214 1984 llaec
238 1923 291 1983 dea
315 1942 373 1983 non
398 1923 516 2003 stabili,
540 1941 627 2003 quam
650 1927 689 1985 sit
711 1925 804 2005 levis,
827 1924 899 1986 orbe
923 1926 1050 2004 latetur,

180 2012 274 2082 Quem
298 2029 446 2072 summum
469 2011 558 2072 dubio
582 2011 637 2074 sub
660 2013 735 2091 pede
759 2030 877 2092 semper
900 2010 1006 2073 habet.

137 2098 274 2170 Quolibet
298 2108 343 2159 est
366 2099 457 2179 lolio,
481 2103 583 2179 quavis
606 2103 748 2162 incertior
771 2118 860 2162 aura:

178 2187 235 2248 Par
257 2187 301 2248 illi
323 2187 447 2267 levitas,
470 2188 626 2268 improbe,
649 2188 710 2249 sola
735 2198 785 2249 tua
809 2197 871 2249 est.

88 2288 121 2335 35
136 2275 239 2335 Omnia
263 2283 332 2335 sunt
355 2275 507 2335 hominum
530 2277 615 2335 tenui
636 2276 795 2354 pendentia
817 2275 886 2355 iilo,

179 2363 216 2424 Et
239 2362 336 2423 subito
361 2381 431 2423 casu
455 2381 530 2441 quae
553 2361 692 2444 valuere,
716 2372 825 2423 ruunt.

136 2452 238 2511 Divitis
262 2450 360 2512 audita
383 2458 430 2511 est
452 2453 500 2511 cui
523 2467 583 2510 non
607 2448 756 2528 opulentia
779 2446 907 2510 Croesi?

179 2539 290 2618 Nempe
314 2547 412 2599 tamen
436 2541 524 2599 vitam
548 2546 651 2617 captus
675 2536 711 2597 ab
734 2536 819 2598 hoste
842 2537 926 2597 tulit.

135 2627 186 2688 Ille
210 2627 363 2706 Syracosia
386 2627 472 2689 modo
496 2626 670 2688 formidatus
693 2628 724 2685 in
748 2624 822 2687 urhe

89 2727 121 2775 40
179 2714 233 2775 Vin
257 2715 361 2775 humili
384 2716 487 2777 duram
510 2715 641 2794 reppulit
663 2721 726 2774 arte
749 2714 873 2776 famem.

136 2803 212 2874 Ouid
236 2804 332 2863 fuerat
355 2802 458 2881 Magno
483 2800 607 2863 maius?
639 2812 738 2864 tamen
760 2802 808 2864 ille
831 2804 945 2883 rogavit

180 2892 342 2952 Summissa
365 2892 575 2970 lugiens'voce
599 2891 715 2952 clientis
738 2909 842 2972 opem,

135 2980 248 3059 Cuique
272 2982 334 3040 viro
358 2986 439 3040 totus
461 2988 610 3040 terrarum
631 2981 730 3058 paruit
753 2979 852 3058 orbis,

180 3067 314 3146 [indigus
338 3069 460 3128 effectus
484 3067 621 3128 omnibus
643 3071 706 3146 ipse
730 3070 822 3145 magis
833 3064 853 3142 .]

86 3167 119 3215 45
134 3156 185 3215 llle
209 3155 384 3234 Iugurthino
408 3154 505 3215 clarus
528 3153 706 3233 Cimbroque
729 3152 899 3231 triumpho,
994 3161 1051 3212 (111)

179 3243 244 3314 Quo
267 3245 374 3303 uictrix
398 3244 506 3302 totiens
529 3241 650 3302 consule
673 3240 765 3301 Roma
788 3241 862 3318 luit,

134 3331 167 3392 ln
191 3348 282 3391 caeno
305 3329 416 3391 Marius
438 3332 529 3390 iacuit
551 3345 703 3405 cannaque
725 3326 870 3407 palustri,

177 3417 305 3480 Pertulit
328 3426 358 3477 et
380 3425 461 3478 tanto
485 3415 576 3477 multa
598 3413 735 3493 pudenda
758 3416 838 3474 uiro.

134 3507 223 3568 Ludit
244 3505 435 3565 inhumanis
459 3504 555 3564 divina
577 3503 708 3581 potentia
731 3501 838 3578 rebus,
