2386 3892
151 171 214 235 124
558 171 609 222 EX
626 169 745 222 PONTO

282 334 321 395 Et
344 332 422 413 quod
445 334 526 393 iners
549 332 640 394 hiemi
663 334 853 394 continuatur
876 330 1011 411 hiemps.

237 422 293 483 llic
316 439 363 481 me
386 428 567 500 pugnantem
589 438 658 482 cum
681 421 792 500 frigore
814 436 943 498 cumque
966 420 1080 498 sagittis

283 510 417 588 Cumque
440 526 506 569 meo
529 510 589 569 lato
612 516 717 587 quarta
740 508 842 586 fatigat
863 507 997 586 hiemps.

238 598 312 660 Fine
335 605 438 658 carent
459 597 621 676 lacrimae,
644 598 702 656 nisi
725 614 793 657 oum
816 603 921 675 stupor
943 594 1060 657 obstitit
1081 595 1154 678 illis,

192 700 225 749 30
283 685 322 746 Et
345 685 450 746 similis
473 686 562 745 morti
585 691 706 763 pectora
729 691 832 763 torpor
854 681 960 744 habet.

239 774 369 835 Felicem
391 771 529 853 Nioben,
552 774 686 851 quamvis
708 779 753 831 tot
775 772 880 832 lunera
902 771 994 851 vidit,

284 863 366 934 Quae
388 863 489 941 posuit
512 878 655 940 sensum,
678 877 765 920 saxea
787 859 885 938 lacta,
908 857 994 919 mali!

239 950 297 1011 Vos
321 967 440 1029 quoquc
462 948 581 1028 lelices,
597 965 731 1026 quarum
754 947 908 1008 clamantia
930 945 1054 1008 lratrem

285 1038 402 1099 Cortice
424 1036 531 1097 velavit
552 1035 681 1115 populus
704 1053 756 1096 ora
778 1052 872 1095 novo.
986 1050 989 1055 ·

193 1125 292 1187 301110
311 1143 364 1202 ego
384 1141 468 1204 sum,
486 1123 598 1201 lignum
617 1125 669 1203 qui
687 1141 747 1184 non
765 1123 903 1184 admittar
920 1123 953 1184 in
972 1121 1083 1185 ullum:
1127 1137 1156 1187 10

285 1213 336 1274 1110
359 1231 414 1292 ego
438 1229 527 1286 sum,
550 1212 660 1272 lrustra
684 1214 735 1291 qui
757 1206 831 1290 lapis
855 1227 921 1272 esso
943 1210 1048 1272 velim.

242 1301 322 1381 [lpsa
343 1301 465 1362 Medusa
488 1298 582 1360 oculis
604 1301 702 1361 veniat
723 1299 795 1360 licet
817 1297 902 1360 obvia
924 1301 1052 1380 nostris,

285 1392 408 1451 Amittet
430 1391 508 1449 vires
530 1391 595 1466 ipsa
617 1387 738 1448 Medusa
761 1383 861 1463 suas]

240 1478 393 1559 Vivimus,
417 1484 451 1537 ut
473 1493 634 1555 numquam
657 1493 748 1537 sensu
771 1492 924 1536 careamus
947 1492 1064 1555 amaro,

194 1578 228 1627 40
287 1565 326 1626 Et
348 1567 464 1643 gravior
486 1564 572 1642 longa
595 1565 629 1624 dt
651 1581 716 1624 mea
739 1581 833 1642 poena
857 1580 957 1626 mora.

243 1653 292 1714 Sic
315 1656 557 1730 inconsumptum
579 1651 658 1731 Tityi
680 1668 858 1730 semperque
880 1667 1041 1713 renascens

285 1740 352 1800 Non
375 1742 474 1819 perit,
497 1747 531 1800 ut
552 1743 647 1818 possit
670 1758 757 1820 saepe
780 1741 903 1820 perire,
924 1741 1028 1801 iecur.

242 1831 301 1908 At,
324 1835 420 1908 puto,
447 1846 515 1888 cum
538 1831 658 1906 requies
680 1827 885 1906 medicinaque
908 1826 1026 1906 publica
1049 1844 1132 1889 curae

288 1916 416 1977 Somnus
439 1916 544 1997 adest,
568 1915 661 1977 solitis
684 1934 743 1976 nox
766 1917 847 1977 venit
869 1914 942 1976 orba
965 1915 1064 1978 malis.

194 2015 228 2064 41
244 2004 364 2065 Somnia
387 2021 434 2063 me
457 2012 573 2065 terrent
594 2022 680 2064 veros
705 2006 849 2065 imitantia
871 2019 977 2084 casus,

287 2091 326 2153 Et
349 2092 470 2170 vigilant
493 2109 598 2153 sensus
621 2095 652 2152 in
675 2109 740 2152 mea
763 2092 867 2153 damna
890 2093 968 2152 mei.

243 2182 302 2241 Aut
325 2197 380 2259 ego
404 2179 579 2240 Sarmaticas
602 2180 704 2240 videor
726 2181 819 2240 vitare
842 2181 981 2259 sagittas,

287 2268 346 2329 Aut
369 2267 439 2328 dare
464 2269 593 2346 captivas
617 2268 652 2328 ad
676 2268 738 2328 fera
760 2265 855 2328 vincla
877 2283 1003 2328 manus.

243 2356 302 2417 Aut
325 2355 377 2416 ubi
400 2354 532 2434 decipior
554 2354 685 2416 melioris
708 2357 833 2434 imagine
858 2356 972 2435 somni,

196 2455 230 2506 00
288 2445 408 2524 Aspicio
430 2446 543 2524 patriae
567 2451 645 2504 tecta
667 2443 770 2503 relicta
792 2460 893 2504 meae.

243 2532 282 2593 Et
304 2532 391 2593 modo
414 2531 589 2610 vobiscum,
613 2549 688 2610 quos
712 2548 779 2591 sum
800 2537 960 2592 veneratus
971 2575 982 2610 ,
1004 2530 1101 2605 amici,

289 2620 327 2681 Et
349 2620 436 2680 modo
461 2637 530 2680 cum
552 2636 620 2678 cara
643 2621 768 2697 coniuge
791 2618 883 2679 multa
906 2617 1028 2698 loquor.

246 2707 295 2768 Sic
317 2707 370 2768 ubi
392 2711 533 2787 percepta
556 2715 602 2766 est
623 2705 722 2767 brevis
745 2714 775 2767 et
798 2723 857 2767 non
879 2723 951 2766 vera
973 2704 1115 2785 voluptas,

289 2795 378 2855 Peior
401 2794 437 2854 ab
461 2795 612 2855 admonitu
635 2796 668 2855 fit
691 2803 785 2856 status
807 2797 865 2856 iste
889 2793 976 2855 boni.

198 2894 231 2944 11
248 2882 314 2942 Sive
339 2881 403 2941 dies
425 2884 516 2960 igitur
540 2890 629 2961 caput
651 2882 708 2943 hoc
730 2881 898 2943 miserabile
922 2883 1033 2961 cernit,

290 2969 357 3031 Sive
381 2971 515 3048 pruinosi
538 2970 640 3031 Noctis
665 2978 792 3050 aguntur
815 2972 904 3051 equi,

247 3058 296 3120 Sic
319 3075 384 3119 mea
407 3060 560 3138 perpetuis
582 3059 739 3138 liquefiunt
761 3066 883 3139 pectora
906 3059 1005 3136 euris,

290 3146 412 3226 lgnibus
435 3146 560 3207 admotis
583 3156 617 3207 ut
639 3164 713 3207 nova
736 3164 804 3207 cera
828 3145 921 3208 solet.

248 3235 341 3316 Saepe
373 3252 481 3315 precor
512 3242 661 3316 mortem,
692 3242 819 3295 mortem
852 3250 972 3313 quoque
1003 3230 1161 3362 (10000001η

793 3322 891 3401 idem,

199 3422 233 3471 00
291 3410 334 3471 Νο
357 3429 423 3471 mea
447 3411 641 3472 Sarmaticum
664 3418 802 3490 contegat
824 3427 892 3470 ossa
915 3409 1024 3472 solum.

248 3497 323 3559 Cum
346 3498 448 3579 subit,
471 3500 597 3578 Augusti
621 3516 696 3577 quae
720 3501 759 3559 sit
781 3497 957 3578 elementia,
980 3495 1062 3560 credo
