2386 3892
471 189 517 241 1v.
537 191 632 243 1-71.
988 187 1056 255 285

88 362 122 413 35
137 351 293 412 Proximus
316 350 481 431 Anchises,
505 368 572 412 oum
596 368 656 431 quo
679 367 835 413 commune
858 352 990 431 parentis

181 438 246 500 Non
270 438 424 518 dedignata
446 445 493 500 est
514 456 623 500 nomen
646 437 756 500 habere
778 437 895 501 Venus.

137 526 213 587 Hine
236 536 317 587 satus
340 528 476 606 Aeneas,
498 528 593 606 pietas
616 534 746 607 spectata
768 544 823 607 per
845 529 948 608 ignes,

183 614 271 675 Saura
294 622 467 694 patremque
491 616 626 698 umeris,
647 614 740 676 altera
762 632 846 677 soora
857 661 868 697 ‚
889 614 975 679 tulit.

138 701 277 763 Venimus
301 703 337 764 ad
360 702 429 764 felix
452 702 609 782 aliquando
631 720 740 765 nomen
762 702 836 785 iuli,

88 802 123 850 40
184 788 266 850 Unde
290 791 395 852 domus
418 790 550 854 Teucros
571 790 645 854 iulia
668 793 764 870 tangit
784 809 871 853 aros.

137 877 298 938 Postumus
320 878 413 962 hino,
440 880 491 959 qni
515 879 593 959 quod
616 879 697 941 silvis
724 879 781 941 init
804 887 888 942 ortua
915 878 1055 960 inultis,

184 965 292 1027 Silvius
314 969 345 1027 in
367 966 449 1028 Latia
471 975 559 1047 gente
582 975 704 1052 rotatus
727 975 807 1029 erat.

138 1052 247 1134 Isque,
270 1053 395 1137 Latine,
418 1053 472 1117 tihi
494 1063 579 1135 pater
602 1062 669 1119 est.
711 1054 793 1119 subit
809 1054 883 1117 etha
902 1053 1055 1119 utinum:

183 1141 337 1203 Proximus
361 1152 407 1204 est
429 1143 524 1205 titulis
547 1141 684 1225 Epytus,
705 1142 778 1205 niba
790 1189 800 1224 ,
823 1145 901 1207 tuis.

90 1241 124 1290 45
139 1228 190 1290 lile
214 1229 295 1290 dedit
318 1229 408 1310 Capyi
429 1231 559 1292 recidiua
580 1229 721 1292 voeabula
743 1230 849 1293 Troiae

184 1316 221 1377 Et
244 1325 314 1379 tuus
338 1326 384 1378 est
406 1317 507 1399 idem,
529 1316 671 1399 Calpem,
693 1316 789 1379 iaetus
812 1335 901 1387 avua.

140 1406 272 1484 Cumque
291 1407 383 1484 patris
407 1423 533 1484 regnum
551 1412 619 1485 poet
635 1404 716 1467 hune
733 1403 893 1469 Tiberinus
915 1404 1055 1488 haberet,

183 1495 300 1554 Dicitur
323 1495 354 1555 in
377 1492 491 1554 Tusoae
515 1494 632 1573 gurgite
653 1509 771 1555 mersus
793 1510 904 1573 aquae.

139 1579 200 1640 lam
223 1590 320 1642 tamen
342 1582 493 1661 Agrippan
515 1589 617 1643 natum
639 1578 856 1661 Remulumque
878 1588 1016 1662 nepotem

91 1679 125 1729 50
185 1667 325 1732 Viderat.
366 1672 398 1730 in
420 1667 578 1731 Remulum
601 1667 725 1731 fulmine
746 1670 836 1731 missa
858 1669 976 1733 ierunt.

139 1755 226 1816 Venit
246 1757 410 1818 Aventinus
431 1764 500 1837 post
521 1757 599 1839 hoa,
620 1755 705 1821 loeus
726 1755 806 1819 unde
829 1766 969 1840 sonatur,

184 1842 268 1903 Mons
290 1863 429 1924 quoque.
471 1853 539 1925 post
564 1844 649 1907 iilum
675 1845 784 1909 tradita
811 1862 904 1926 regna
926 1844 1056 1909 Prosae.

141 1929 235 1999 Quem
258 1935 393 2011 sequitur
415 1932 484 1995 duri
505 1931 642 1995 Numitor
663 1951 822 2015 germanus
843 1933 958 1997 Amuli.

184 2017 235 2078 llia
258 2038 326 2080 oum
348 2020 444 2082 Lauso
467 2021 505 2083 de
527 2019 682 2083 Numitore
704 2024 779 2085 aeti.

91 2116 125 2166 55
139 2105 218 2167 Ense
242 2107 319 2168 eadit
341 2116 448 2187 patruo
469 2107 607 2173 Lausus.
646 2109 744 2190 planet
764 2108 819 2171 ilia
839 2108 946 2191 Marti,
982 2152 996 2179 .

184 2193 285 2273 Teque
307 2198 407 2276 parit,
429 2198 546 2275 gemino
568 2198 670 2261 iunote
693 2196 817 2269 Quirine
839 2196 949 2259 Remo.

140 2279 190 2341 ilie
214 2299 284 2342 suos
306 2300 424 2362 semper
446 2281 590 2359 Venerem
611 2285 795 2365 Martemque
817 2291 957 2363 parente

183 2368 283 2451 Dixit,
307 2380 338 2432 et
360 2373 488 2433 emeruit
509 2375 590 2435 voeie
611 2372 722 2435 habere
744 2370 854 2433 fldem:

139 2455 218 2517 Neve
242 2461 376 2521 secuturi
397 2467 520 2540 possent
542 2462 658 2523 nesoire
680 2465 823 2539 nepotes,

92 2557 126 2605 60
185 2544 331 2623 Tempora
353 2547 399 2608 dis
422 2549 540 2627 generis
562 2549 733 2611 continuate
754 2544 853 2609 dedit.

140 2631 199 2693 Sed
223 2632 345 2695 Veneris
367 2652 500 2698 mensem
521 2635 609 2698 Graio
631 2650 770 2699 mrmone
792 2638 926 2695 notatum

182 2722 342 2804 Auguror3
365 2741 382 2786 e
403 2726 519 2804 spumis
540 2731 588 2786 est
608 2721 665 2785 dea
686 2720 766 2785 dieta
786 2721 897 2785 maris.

140 2808 201 2870 Neo
223 2809 279 2871 tibi
301 2812 340 2873 sit
362 2813 472 2873 misum
493 2810 607 2872 Graeoo
628 2827 695 2873 rem
716 2810 835 2875 nomine
857 2808 935 2893 diot5
998 2821 1055 2875 (11⁶)

184 2896 254 2958 ltaia
276 2915 344 2959 nam
366 2897 455 2960 telius
477 2896 600 2959 Graecia
620 2899 715 2961 mmor
738 2905 822 2961 erat.

92 2996 125 3045 es
139 2983 266 3046 Venerat
287 2984 424 3049 Evander
445 2983 533 3067 plena
555 3002 624 3049 eum
646 2985 741 3050 elosae
762 3001 904 3065 suornm:

184 3071 310 3135 Venerat
330 3073 470 3156 Aloidae,
492 3073 600 3138 Graius
621 3083 749 3154 uterque
771 3088 884 3153 genua.

140 3158 253 3240 Hospes
276 3163 430 3225 Aventinis
451 3170 620 3225 armentum
639 3162 721 3241 parit
742 3161 774 3221 in
796 3156 899 3220 herbis
1003 3179 1007 3187 ¹

185 3247 338 3330 Clariger,
360 3257 392 3311 et
413 3256 495 3313 tanto
517 3258 565 3312 est
584 3245 691 3311 tibus
712 3253 782 3327 pota
802 3243 877 3307 dee.

140 3332 205 3395 Dux
228 3353 345 3415 quoque
367 3336 523 3418 Neritius3
544 3343 638 3397 testea
658 3332 875 3413 Laesuygones
897 3337 998 3393 extant

92 3433 126 3483 '10
184 3421 222 3483 m
245 3423 324 3503 quod
346 3422 442 3486 adhue
465 3422 567 3485 Circes
589 3422 710 3483 nomina
730 3420 802 3483 litus
824 3416 931 3483 hehet.

139 3506 178 3569 Et
199 3512 258 3571 iam
280 3508 422 3587 Telegoni
432 3512 524 3592 ‚iam
545 3510 663 3571 moenia
683 3507 805 3575 Tiburis
826 3506 881 3581 net
905 3562 911 3575 .
