2386 3892
157 174 222 236 324
564 173 755 225 nnsrouuu

290 338 336 398 Me
360 339 454 417 iugit.
496 355 532 396 ex
555 337 652 416 aliquo
676 344 722 397 est
743 334 919 396 invenienda
942 333 1016 395 deo.

247 427 345 486 Pliade
369 434 459 505 nate,
481 443 591 505 mone,
614 427 694 502 virga
717 422 883 484 venerande
906 421 1038 502 potenti!

293 514 385 592 Saepe
409 511 463 572 tibi
487 512 579 591 Stygii
602 515 683 592 regia
706 514 767 572 visa
789 511 882 572 lovis.

247 601 334 661 Venit
356 601 494 661 adoratus
517 599 692 661 Caducifer.
734 601 834 678 accipe
858 617 977 660 causam

181 701 233 750 450
291 688 447 748 Nominis:
479 707 515 748 ex
537 691 601 766 ipso
626 697 671 748 441
693 690 810 767 cognita
833 706 920 748 causa
943 687 1016 748 deo.

248 777 390 837 Romulus
414 785 447 837 ut
469 777 582 836 tumulo
606 777 750 837 fraternas
774 775 905 837 condidit
927 775 1064 856 umbras,

292 864 330 926 Et
347 860 426 925 'male
450 864 542 925 veloci
565 867 642 925 iusta
665 864 760 925 soluta
783 862 894 944 Remo,

250 952 408 1013 Faustulus
432 952 533 1012 inlelix
556 961 587 1013 et
609 955 703 1031 passis
726 952 802 1012 deca
825 951 937 1031 capillis

292 1039 475 1120 spargebant
497 1039 625 1101 lacrimis
648 1058 714 1101 ossa
737 1047 857 1120 perusta
880 1042 960 1100 suis.

182 1128 319 1188 4551nde
343 1129 462 1188 domum
486 1129 612 1189 redeunt
635 1128 690 1189 sub
713 1131 807 1208 prima
830 1127 1006 1207 crepuscula
1028 1130 1139 1206 maesti,

292 1216 389 1294 thue
413 1225 498 1296 erat,
521 1219 552 1275 in
576 1216 650 1277 duro
674 1215 860 1294 procubuere
883 1223 967 1277 toro.

249 1303 357 1364 Umbra
381 1312 503 1365 cruenta
526 1304 611 1364 Remi
633 1306 694 1364 visa
718 1312 763 1364 est
786 1307 924 1365 assistere
947 1304 1025 1364 lecto
1033 1351 1042 1384 ,

292 1392 387 1470 Atque
411 1392 484 1451 haec
507 1394 612 1471 exiguo
636 1411 789 1453 murmure
812 1390 902 1453 verba
923 1390 1023 1471 loqui:

249 1475 309 1540 ‘En
333 1499 386 1558 ego
411 1479 562 1541 dimidium
585 1483 677 1540 vestri
699 1498 827 1559 parsque
851 1479 943 1541 altera
965 1482 1044 1559 voti,
1103 1491 1149 1542 (110

182 1580 234 1629 440
293 1568 433 1647 Gemite,
458 1571 512 1628 sim
536 1567 653 1648 qualis,
677 1571 727 1646 qui
750 1567 837 1628 modo
861 1567 956 1646 qualis
978 1566 1076 1629 eram!

250 1656 307 1726 Qui
330 1656 439 1735 modo,
463 1659 488 1715 si
511 1656 645 1717 volucres
668 1655 837 1716 habuissem
860 1673 951 1734 regna
973 1655 1122 1734 iubentes,

292 1742 325 1803 ln
348 1743 457 1821 popello
481 1747 564 1821 potui
587 1746 731 1804 maximus
755 1762 819 1804 esse
843 1761 927 1823 meo,

248 1830 333 1890 Nunc
357 1830 454 1908 elapsa
477 1835 541 1909 rogi
563 1832 687 1892 flammis
711 1839 741 1892 et
763 1834 858 1891 inanis
880 1834 994 1911 imago,

293 1917 371 1977 llaec
395 1926 440 1977 est
464 1937 499 1978 ex
523 1919 571 1978 illo
595 1921 689 1979 lorma
712 1919 814 1979 relicta
837 1917 947 1979 Remo!

182 2018 234 2065 405
249 2006 313 2066 Heu
338 2004 388 2065 ubi
411 2004 489 2066 Mars
512 2017 596 2084 pater
620 2004 695 2068 est?
727 2010 753 2067 si
775 2025 827 2067 vos
849 2006 938 2066 modo
963 2024 1032 2066 vera
1055 2005 1149 2081 locuti,

292 2093 448 2171 Uberaque
472 2097 612 2172 expositis
635 2094 684 2155 ille
708 2094 801 2155 lerina
824 2094 920 2155 dedit.

250 2182 344 2252 Quem
367 2182 435 2260 lupa
459 2186 605 2263 servavit,
629 2201 733 2243 manus
756 2182 836 2242 hunc
858 2185 1016 2243 temeraria
1039 2184 1108 2242 civis

293 2268 446 2330 Perdidit.
488 2288 505 2329 o
530 2280 638 2348 quanto
663 2273 762 2330 mitior
784 2270 832 2330 illa
855 2269 929 2331 fuiti

250 2358 341 2419 Saeve
365 2357 471 2438 Celer,
495 2358 644 2418 crudelem
668 2361 794 2418 animam
822 2376 875 2437 per
898 2357 1019 2419 volnera
1042 2359 1149 2434 reddas,

184 2459 235 2506 410
295 2445 390 2524 thue
414 2464 490 2525 ego,
514 2445 569 2505 sub
593 2453 687 2506 terras
711 2445 957 2523 sanguinulentus
981 2445 1048 2509 eas!

249 2534 348 2593 Noluit
372 2534 427 2594 hoo
451 2534 564 2613 irater,
587 2537 681 2612 pietas
705 2535 834 2612 aequalis
857 2536 888 2593 in
911 2533 961 2594 illo
986 2543 1050 2596 est.

293 2620 378 2691 Quod
402 2625 499 2700 potuit
512 2669 520 2700 ,
543 2621 677 2682 lacrimas
700 2622 835 2683 manibus
858 2621 907 2682 ille
930 2621 1029 2684 dedit.

250 2711 335 2770 llunc
358 2729 410 2769 vos
433 2729 487 2788 per
509 2711 665 2790 lacrimas,
692 2727 746 2788 per
769 2718 867 2771 vestra
888 2709 1027 2771 alimenta
1050 2718 1151 2790 rogate,

295 2797 332 2856 Ut
355 2796 502 2858 celebrem
526 2807 628 2859 nostro
652 2800 748 2876 signet
770 2798 883 2858 bonore
907 2796 986 2858 diem
997 2793 1020 2860 .'

185 2898 237 2946 415
251 2884 435 2943 Mandantem
460 2886 597 2961 amplecti
620 2889 743 2965 eripiunt
765 2895 796 2947 et
818 2884 956 2946 bracchia
978 2887 1119 2949 tendunt:

295 2971 421 3032 Lubrica
444 2982 618 3050 prensantes
642 2976 743 3052 elingit
766 2972 870 3034 umbra
894 2992 1018 3037 manus.

253 3062 290 3121 Ut
313 3079 414 3121 secum
437 3061 553 3138 lugiens
577 3080 694 3122 somnos
718 3060 838 3121 abduxit
862 3064 976 3143 imago,

296 3149 338 3209 Ad
362 3167 463 3227 regem
487 3166 572 3209 voees
596 3151 695 3210 fratris
720 3159 843 3227 uterque
867 3151 986 3212 ierunt.

252 3237 396 3297 Romulus
419 3237 615 3317 obsequitur,
638 3237 794 3316 lucemque
817 3237 957 3298 Remuria
981 3238 1055 3302 dicit

186 3338 238 3385 440
296 3325 399 3405 illam,
423 3344 479 3403 qua
503 3327 607 3404 positis
630 3328 706 3385 iusta
730 3326 867 3385 feruntur
890 3328 969 3386 avis.

253 3412 363 3491 Aspera
386 3423 496 3473 mutata
520 3422 564 3473 est
587 3415 617 3473 in
640 3414 735 3473 lenem
759 3423 892 3491 tempore
916 3413 1006 3497 longo

297 3498 429 3580 Littera,
454 3519 528 3579 quae
551 3508 613 3562 toto
637 3504 754 3561 nomine
777 3505 872 3580 prima
895 3503 970 3585 luit3
