2386 3892
456 203 492 255 11.
512 204 661 255 aot-aot.

148 363 206 424 Ν33
229 361 303 425 milri
325 363 479 424 materiam
501 360 636 422 bellatrix
660 361 752 423 Roma
774 361 917 444 negabat,

149 450 184 512 Et
206 453 275 530 pius
299 457 346 511 est
358 497 368 531 ,
389 451 501 529 patriae
524 449 601 509 iacta
623 449 759 529 referre,
781 449 883 511 labor.

148 538 280 616 Denique
304 555 373 598 cum
395 538 511 598 meritis
533 535 702 615 impleveris
724 540 840 618 omnia,
863 537 989 618 Caesar,

148 625 218 686 Pars
241 625 315 686 milri
337 624 374 686 de
397 623 498 685 multis
521 640 580 684 uua
603 623 734 684 cauenda
756 624 831 704 fuit,

97 723 135 774 333
149 713 243 792 thue
269 711 391 773 trahunt
413 710 516 772 oculos
538 710 680 772 radiantia
703 711 813 773 lumina
836 711 927 794 33113,

149 801 322 862 Traxissent
344 802 475 861 animum
498 800 541 859 313
565 806 614 860 tua
637 800 714 860 13333
735 817 852 860 meum.

147 890 261 967 Arguor
284 888 446 948 inmerito.
483 888 581 947 tenuis
605 886 677 947 mibi
700 904 821 966 campus
844 894 963 948 aratur:

147 975 220 1037 lllud
244 983 309 1036 erat
332 992 453 1053 magnae
476 973 636 1035 fertilitatis
659 992 751 1053 opus.

147 1062 210 1123 Non
232 1064 300 1124 ideo
324 1062 413 1123 debet
436 1060 538 1140 pelago
561 1079 594 1122 se
618 1061 762 1142 credere,
785 1063 871 1141 siqua

96 1159 135 1208 333
148 1151 242 1213 Audet
264 1153 296 1211 in
319 1152 427 1228 exiguo
449 1148 551 1210 ludere
575 1148 681 1210 cumba
704 1149 786 1211 1333.

148 1238 314 1298 Forsan-
333 1245 363 1298 et
380 1236 437 1297 hoc
452 1235 583 1298 dubitem
596 1267 633 1280 -
654 1239 787 1297 numeris
800 1235 960 1298 levioribus
979 1244 1065 1316 aptus

149 1325 210 1387 Sim
233 1327 328 1404 33313,
350 1326 382 1385 in
404 1342 511 1403 parvos
534 1324 738 1401 sulliciamquc
761 1324 882 1384 modos:

148 1413 184 1474 lt
206 1415 233 1472 si
256 1430 303 1472 me
326 1411 429 1472 iubeas
453 1411 580 1473 domitos
603 1410 680 1471 13313
703 1412 770 1489 igue
794 1409 933 1490 Gigantes

148 1499 276 1581 Dicere,
300 1508 455 1561 conantem
478 1498 644 1559 debilitabit
666 1515 758 1559 onus.

95 1595 136 1646 335
149 1589 258 1648 Ι)131313
281 1588 392 1666 ingenii
415 1595 461 1648 est
482 1588 620 1647 immania
644 1585 778 1647 Caesaris
800 1593 864 1647 acta

150 1674 308 1752 Condere,
330 1676 452 1735 materia
475 1691 513 1734 nc
536 1682 695 1752 superetur
718 1691 810 1752 opus.

149 1761 187 1822 Et
209 1770 310 1822 tamen
332 1778 423 1822 ausus
446 1778 548 1841 eram;
585 1761 637 1821 scd
660 1760 826 1822 detrectare
848 1760 986 1844 videbar,

150 1848 296 1928 Quodque
319 1848 402 1909 nefas
415 1895 424 1929 ,
448 1849 553 1909 damno
577 1847 690 1909 viribus
713 1866 779 1909 3333
803 1850 881 1911 tuis.

120 2003 123 2009 ,
150 1937 195 1998 nd
218 1935 281 1996 1333
304 1953 410 1997 rursus
434 1954 531 2015 opus,
553 1935 698 1996 iuvenalia
721 1938 872 2015 carmina,
894 1938 978 2017 3331,

94 2023 188 2085 343113
211 2023 285 2084 13133
307 2025 385 2084 movi
407 2033 512 2102 pectus
535 2042 634 2084 amore
657 2041 773 2084 metim.

150 2110 216 2171 Nou
240 2111 377 2189 equidem
400 2111 524 2172 vellem.
562 2110 613 2171 sed
637 2130 683 2172 me
707 2129 772 2172 mea
795 2110 853 2171 1333
875 2109 1050 2192 trabebant,

151 2197 244 2276 lnque
268 2216 348 2259 meas
371 2215 481 2277 poenas
503 2201 674 2278 ingeniosus
697 2216 795 2258 eram.

152 2284 188 2345 Ei
211 2285 284 2346 mibi
296 2333 306 2365 ,
329 2287 409 2364 quod
432 2285 542 2346 didicil
579 2304 703 2347 curma
726 2286 855 2346 docuere
878 2293 1016 2364 parentes

152 2371 323 2451 Litteraque
346 2381 391 2434 333
414 2373 516 2434 333133
538 2372 597 2433 ulla
620 2380 732 2433 morata
754 2369 857 2433 mcosl

92 2458 232 2521 33311333
254 2458 310 2521 tibi
332 2478 379 2520 mc
401 2463 530 2522 invisum
553 2459 670 2520 13331313
692 2459 786 2540 13313,
808 2458 847 2518 ob
869 2458 974 2537 Artes,

153 2546 226 2617 Quis
250 2556 332 2609 ratus
355 2567 388 2608 33
411 2551 517 2610 3331333
540 2546 698 2608 sollicitare
721 2552 820 2606 toros.

155 2634 213 2695 Sed
237 2653 334 2714 neque
357 2653 404 2697 me
428 2644 537 2714 nuptae
561 2634 730 2696 didicerunt
751 2632 831 2692 furta
852 2633 1012 2714 magistro,

154 2721 299 2801 Quodque
323 2740 427 2801 parum
450 2725 532 2783 novit
543 2768 552 2802 ,
576 2740 663 2783 nemo
687 2721 794 2782 dooere
816 2727 936 2800 potest.

155 2808 203 2869 Sic
227 2828 281 2888 ego
305 2808 424 2872 delicias
448 2818 478 2872 et
500 2810 596 2870 mollia
619 2811 748 2871 carmina
770 2810 846 2889 1331,

89 2906 140 2956 330
155 2897 317 2959 strinxerit
338 2905 372 2960 ut
394 2915 503 2958 nomen
525 2896 625 2957 labula
648 2897 728 2958 nulla
750 2915 871 2959 mcum.

153 2983 215 3044 Nec
239 2987 394 3064 quisquam
418 2993 464 3046 est
485 2984 559 3044 adeo
582 2984 676 3045 media
699 2984 736 3047 de
759 2984 845 3066 plebe
870 2986 1016 3060 maritus,

154 3071 193 3133 Ut
215 3071 324 3134 dubius
347 3075 418 3133 vitio
437 3075 476 3133 sit
496 3081 581 3151 pater
603 3072 653 3133 ille
677 3091 759 3134 meo.

154 3158 248 3221 Crede
271 3160 366 3239 milri,
389 3160 499 3220 distant
520 3177 620 3221 mores
642 3179 659 3220 a
682 3163 811 3222 carmine
834 3164 937 3219 nostro
956 3152 998 3198 -ὲ

153 3246 218 3308 Vita
242 3248 409 3309 verecunda
432 3255 478 3308 333
490 3294 499 3326 ,
522 3247 604 3309 lllusa
627 3250 727 3308 133333
749 3265 813 3306 mea
833 3275 875 3287 -

91 3344 140 3393 333
154 3333 318 3413 Magnaque
341 3353 410 3413 pars
428 3335 552 3396 mendax
576 3354 699 3414 operum
721 3343 768 3396 est
784 3339 815 3392 et
832 3331 899 3390 licta
917 3345 1070 3390 meorum:

154 3421 225 3483 Plus
248 3422 306 3482 sibi
329 3423 465 3501 permisit
486 3425 683 3500 compositore
707 3437 780 3480 suo.

153 3507 215 3571 Nec
238 3508 315 3570 liber
342 3511 485 3570 indicium
508 3517 555 3569 est
576 3508 667 3568 animi
679 3551 689 3586 ‚
716 3506 766 3567 sed
790 3505 915 3566 honesta
938 3503 1071 3581 voluptas
