2386 3892
90 181 132 245 96
505 183 675 234 umsrnnn

179 345 332 406 Moenibus
355 347 468 424 exiguis
491 346 669 423 ingenioque
692 344 765 406 loci.

179 433 252 494 Cum
276 435 395 494 minime
419 431 522 493 credas
535 479 544 513 ‚
567 441 600 493 ut
623 435 705 514 avis,
729 431 922 494 densissimus
946 433 1040 496 hostis

131 535 164 583 20
179 521 301 582 Advolat
324 529 354 582 et
376 521 514 600 praedam
538 522 583 580 rix
607 519 682 581 bene
706 523 785 581 visus
809 523 884 600 agit.

181 609 275 688 Saepe
298 611 375 669 intra
398 626 499 669 muros
523 606 630 668 clausis
653 610 799 668 venientia
822 611 917 687 portis

179 697 236 760 Per
260 698 369 757 medias
393 697 516 774 legimus
540 698 625 756 noxia
649 695 707 755 tela
730 698 809 756 vias.

179 785 233 845 Est
254 787 345 863 igitur
368 802 476 864 rarus,
498 801 551 844 rus
575 785 626 861 qui
649 783 745 844 colere
769 783 896 865 audeat,
924 779 1009 866 isque

179 872 240 933 Hac
263 881 326 932 arat
348 872 471 952 infelix,
493 872 548 931 hac
571 879 654 931 tenet
676 889 757 931 arma
779 890 885 933 manu.

132 972 166 1021 25
182 959 243 1020 Sub
267 960 348 1038 galea
371 967 471 1038 pastor
494 960 604 1019 iunctis
627 961 692 1037 pice
716 967 814 1021 cantat
836 962 954 1042 avenis,

179 1048 297 1125 Proque
320 1047 389 1126 lupo
412 1047 532 1126 pavidae
556 1045 631 1106 bella
654 1055 794 1107 verentur
818 1065 905 1108 ores.

180 1134 233 1195 Vix
257 1153 311 1213 ope
336 1135 449 1195 castelli
471 1133 678 1195 defendimur.
716 1142 865 1195 ettamen
889 1137 969 1197 intus

179 1223 267 1283 Mixla
290 1222 359 1283 facit
382 1222 501 1283 Graecis
523 1221 647 1282 barbara
670 1221 757 1282 turba
779 1231 908 1284 metum.

181 1311 295 1390 Quippe
319 1309 407 1372 simul
429 1310 516 1370 nobis
539 1309 652 1371 habitat
674 1310 844 1370 discrimine
866 1310 948 1372 nullo

132 1412 165 1460 30
180 1400 326 1461 Barbarus
350 1407 380 1461 et
402 1401 474 1459 tecti
497 1397 563 1476 plus
587 1415 704 1476 quoque
729 1406 811 1476 parte
834 1406 934 1459 tenet.

181 1488 260 1558 Quos
283 1495 317 1547 ut
340 1505 398 1546 non
422 1489 548 1566 timeas,
571 1488 667 1564 possis
690 1486 786 1546 odisse
810 1485 934 1547 videndo

179 1574 309 1634 Pellibus
333 1582 364 1634 et
385 1574 471 1652 longa
494 1591 618 1651 corpora
642 1580 719 1634 tecta
742 1592 841 1634 coma.

179 1662 240 1721 Hos
264 1679 382 1740 quoque
395 1708 404 1741 ‚
427 1663 478 1740 qui
501 1663 592 1739 geniti
616 1661 701 1721 Graia
725 1661 888 1722 creduntur
911 1661 947 1723 ab
972 1663 1063 1743 urbe,

180 1749 237 1809 Pro
261 1751 357 1828 patrio
381 1748 462 1810 cultu
485 1748 605 1811 Persica
628 1749 716 1809 braca
739 1752 829 1827 tegit.

133 1848 166 1897 35
181 1837 329 1897 Exercent
352 1836 394 1897 illi
417 1840 513 1897 sociae
537 1839 712 1896 commercia
736 1836 870 1914 linguae:

179 1924 237 1984 Per
261 1932 376 2002 gestum
399 1942 448 1984 res
471 1933 517 1984 est
540 1925 729 2002 significanda
751 1924 842 1984 mihi.

179 2011 326 2071 barbarus
349 2011 397 2071 hic
421 2029 564 2089 ego.sum
577 2059 586 2090 ‚
610 2014 742 2089 quinon
765 2011 921 2090 intellegor
944 2011 1011 2088 ulli,

180 2098 217 2159 Et
240 2098 338 2159 rident
361 2099 459 2159 stolidi
481 2098 570 2158 verba
591 2100 694 2161 Latina
717 2099 825 2180 Getae3

179 2186 284 2265 Meque
307 2185 402 2265 palam
425 2186 461 2246 de
484 2204 531 2246 me
555 2194 619 2246 tuto
642 2185 716 2245 male
740 2203 827 2264 saepe
851 2185 1014 2265 loquuntur

132 2286 165 2334 40
180 2274 314 2334 Forsitan
339 2273 471 2334 obiciunt
494 2273 672 2351 exiliumque
696 2273 785 2346 mibi,

179 2361 199 2437 †
218 2362 315 2440 thue
339 2363 393 2442 fit,
416 2364 446 2421 in
466 2379 512 2421 me
535 2360 666 2440 aliquid,
690 2363 715 2420 si
738 2360 809 2439 quid
828 2361 996 2425 dicentibus
1019 2363 1077 2425 illis

179 2448 341 2510 Abnuerim
365 2451 501 2528 quotiens
525 2447 760 2528 adnuerimque,
783 2457 905 2528 putant.

179 2537 283 2618 Adde,
307 2537 385 2616 quod
409 2539 553 2597 iniustum
575 2535 669 2614 rigido
693 2538 740 2596 ius
763 2536 873 2598 dicitur
896 2556 985 2619 ense,

180 2624 293 2686 Dantur
317 2628 400 2686 etin
424 2623 519 2685 medio
543 2624 664 2684 vulnera
688 2641 775 2703 saepe
799 2624 878 2685 foro.

131 2711 205 2773 450
229 2712 333 2772 duram
355 2712 522 2791 Lachesin,
546 2729 620 2789 quae
644 2720 703 2772 tam
726 2730 813 2790 grave
837 2712 919 2774 sidus
942 2711 1062 2775 habenti

179 2797 241 2858 Fila
265 2798 346 2858 dedit
368 2801 443 2858 vitae
467 2817 526 2858 non
549 2799 684 2860 breviora
707 2797 807 2860 meae!

180 2885 265 2956 Quod
289 2888 400 2963 patriae
423 2886 505 2946 vultu
528 2895 686 2965 vestroque
709 2905 867 2969 caremus,
890 2889 994 2969 amici,

179 2973 275 3051 Atque
299 2973 347 3033 hic
370 2975 401 3034 in
425 2973 570 3052 Scythicis
593 2975 731 3054 gentibus
755 2993 820 3035 esse
844 2992 973 3055 queror:

179 3060 309 3139 Utraque
333 3079 426 3139 poena
450 3064 568 3140 gravis.
605 3065 700 3123 merui
723 3071 822 3122 tamen
845 3062 925 3123 Urbe
948 3080 1065 3142 carere,

132 3160 165 3210 50
180 3148 245 3208 Non
269 3151 365 3209 merui
388 3149 437 3210 tali
461 3151 582 3210 forsitan
608 3168 672 3210 esse
696 3149 778 3212 loco.

179 3236 256 3306 Quid
288 3236 394 3315 loquor
418 3235 451 3298 al
488 3235 636 3298 demens?
672 3241 765 3317 ipsam
789 3255 909 3318 quoque
931 3238 1054 3318 perdere

726 3327 815 3386 vitam

179 3410 311 3474 Caesaris
336 3413 448 3474 offenso
471 3415 615 3494 numine,
641 3413 748 3491 dignus
772 3374 871 3474 eram.
