2386 3892
468 206 503 256 11.
523 208 604 258 494-
612 208 670 258 555.
688 213 690 216 ’
1006 205 1070 271 249

158 368 311 446 Strdtaqne
336 386 403 446 pars
427 367 549 448 populi,
573 387 648 448 quae
672 371 711 428 sit
734 387 786 429 sua
810 371 914 450 curia,
937 373 1049 452 nescit,

203 456 259 515 Sed
285 457 352 515 lacit
376 464 507 516 extrema
530 475 612 516 sacra
635 456 727 517 relata
750 457 814 517 die,

131 589 267 658 18.Αο
314 593 363 657 19.
388 589 446 656 Bu
492 590 623 658 2000
669 592 774 668 nti)
794 593 1008 660 unitum

157 719 210 779 Est
232 719 326 778 honor
351 727 380 778 et
403 719 546 798 tumulis,
571 721 681 779 animas
704 718 819 798 placare
843 718 996 801 paternas,

201 806 349 886 Parvaque
374 809 403 866 in
429 815 578 867 extructas
602 825 723 867 numera
748 808 826 867 lerre
849 826 952 887 pyras.

89 908 141 956 535
156 896 249 955 Parva
272 901 378 971 petunt
400 912 524 954 manes:
555 897 649 973 pietas
672 913 726 974 pro
750 894 839 955 divite
862 905 944 975 grata
967 906 1013 957 est
1050 935 1059 954 .

201 983 345 1042 Munere:
369 1000 427 1041 non
452 982 551 1042 avidos
576 982 646 1062 Styx
670 983 758 1043 habet
781 985 838 1043 ima
862 984 950 1046 deos.

157 1070 266 1148 Tegula
290 1073 436 1148 porrectis
460 1073 529 1130 satis
553 1079 599 1131 est
620 1070 713 1132 velata
737 1074 854 1132 coronis

202 1158 238 1218 Et
262 1176 379 1237 sparsae
404 1159 504 1236 fruges
527 1176 673 1238 parcaque
697 1161 772 1219 mica
795 1160 881 1240 salis,

157 1247 248 1324 lnque
273 1265 354 1306 mero
379 1245 487 1306 mollita
511 1245 622 1328 Ceres,
646 1247 797 1326 violaeque
821 1247 951 1310 solutae:

89 1347 142 1395 540
201 1334 278 1394 llaec
303 1333 407 1393 lrabeat
430 1334 525 1393 media
544 1341 623 1394 testa
646 1335 747 1395 relicta
771 1336 831 1395 via.

157 1422 217 1482 Nec
241 1424 350 1481 maiora
375 1430 462 1502 vet03
485 1422 536 1481 sed
561 1421 659 1482 ethis
682 1422 831 1500 placabilis
854 1423 959 1484 umbra
982 1432 1044 1484 est:

201 1511 281 1570 Adde
305 1528 409 1589 preces
432 1512 536 1588 positis
560 1519 589 1570 et
611 1527 663 1570 sua
686 1509 774 1570 verba
798 1511 890 1570 locis.

158 1597 242 1657 Hunc
266 1616 378 1657 morem
402 1601 513 1658 Aeneas
527 1644 537 1676 ‚¹
558 1600 675 1676 pietatis
699 1599 823 1658 idoneus
847 1607 949 1660 auctor

201 1686 306 1745 Attulit
328 1689 359 1745 in
384 1694 499 1759 terras,
524 1688 601 1746 iuste
624 1686 749 1767 Latine,
772 1696 854 1747 tuas.
992 1694 995 1701 '

90 1785 142 1834 545
158 1773 208 1833 llle
232 1776 324 1851 patris
348 1774 440 1833 Genio
464 1772 615 1833 sollemnia
638 1774 713 1834 dona
738 1774 867 1836 serebat:

202 1860 276 1919 Hinc
299 1861 399 1939 populi
423 1864 499 1921 ritus
522 1862 669 1922 edidicere
693 1865 775 1940 pios.
1125 1937 1127 1941 7

157 1950 193 2007 m
217 1949 364 2026 qnondam
377 1997 386 2029 ‚
409 1950 479 2009 dum
502 1949 587 2028 longa
610 1959 718 2029 gerunt
740 1950 923 2029 pugnacibus
947 1953 1035 2012 armis

201 2036 301 2111 bella,
325 2036 494 2098 Parentales
518 2038 677 2098 deseruere
701 2037 781 2099 dies.

158 2124 221 2185 Non
247 2127 365 2202 impune
390 2126 467 2204 lui55
491 2143 557 2185 nam
582 2125 689 2186 dieitur
714 2129 811 2188 omine
835 2127 871 2187 ab
894 2130 951 2189 isto

89 2224 141 2274 550
201 2212 292 2270 lloma
316 2211 493 2272 suburbanis
516 2212 673 2274 incaluisse
695 2217 792 2292 rogis.

158 2300 210 2359 Vix
235 2299 369 2378 equidem
394 2300 505 2380 credo,
529 2299 624 2361 bustis
646 2303 742 2361 exisse
766 2302 903 2362 seruntur

200 2387 237 2447 Et
261 2390 365 2447 tacitae
389 2391 486 2466 questi
510 2396 642 2466 tempore
666 2391 761 2448 noctis
785 2392 847 2467 avi,

156 2476 273 2553 Perque
297 2477 357 2534 vias
380 2475 463 2536 urbis
486 2476 644 2555 Latiosque
667 2475 795 2537 ululasse
819 2493 873 2554 per
896 2495 982 2555 agros

203 2562 354 2622 Deformes
379 2567 511 2644 animas,
536 2564 637 2642 volgus
660 2566 769 2644 inane,
793 2564 909 2624 lerunt.

89 2663 141 2711 555
157 2650 228 2710 Post
253 2668 285 2710 ea
309 2655 460 2728 praeteriti
484 2652 605 2713 tumulis
629 2652 794 2734 redduntur
817 2652 962 2734 honores,

200 2738 405 2818 Prodigiisque
429 2743 508 2801 venit
532 2739 745 2819 funeribusque
769 2740 890 2801 modus,

156 2826 231 2886 Dum
255 2836 352 2887 tamen
376 2827 447 2888 baec
471 2829 563 2908 fient,
586 2828 689 2888 viduae
714 2836 825 2890 cessate
848 2829 980 2909 puellae:

200 2914 344 2992 Expectet
366 2934 457 2994 puros
482 2918 567 2994 pinea
591 2915 674 2975 taeda
697 2916 777 2978 dies.

155 3003 215 3062 Nec
239 3001 315 3081 tibi,
339 3020 413 3082 quae
437 3004 560 3082 cupidae
584 3011 698 3064 matura
721 3004 858 3067 videbere
882 3006 984 3083 matri,

88 3104 139 3150 550
199 3090 301 3150 Comat
323 3094 470 3169 virgineas
493 3092 574 3151 hasta
598 3105 721 3152 recurva
744 3110 859 3153 comas.

154 3178 253 3238 Conde
279 3189 365 3258 tuas,
389 3179 576 3257 Hymenaee,
600 3181 694 3260 iacis,
718 3189 748 3239 et
770 3178 806 3238 ab
829 3176 947 3256 ignibus
970 3178 1041 3238 atris

199 3265 311 3326 Arrlerl
344 3266 453 3326 habent
475 3266 545 3326 alias
568 3274 678 3326 maesta
701 3264 856 3342 sepulchra
879 3265 975 3325 laces.

155 3353 189 3413 Di
213 3373 331 3434 quoque
356 3353 532 3431 templorum
556 3352 670 3413 loribus
694 3352 829 3412 celentur
852 3353 980 3434 opertis,

198 3442 282 3501 Ture
301 3451 405 3501 vacent
427 3457 494 3501 arae
518 3450 655 3518 stentque
679 3441 743 3500 sine
766 3443 833 3519 igne
856 3442 930 3502 loci.

87 3541 138 3589 565
154 3529 238 3589 Nunc
263 3531 375 3588 animae
399 3536 504 3589 tenues
527 3537 557 3589 et
580 3544 705 3607 corpora
727 3529 828 3591 iuncta
850 3529 1015 3611 sepulchris
