2386 3892
91 148 155 212 184
501 149 549 199 ux
568 146 687 200 rouro

225 313 444 393 Suppositoque
468 329 586 390 gravem
610 303 719 372 vertice
743 318 843 390 portat
866 329 990 390 aquam.

179 402 245 463 Non
269 401 317 461 hic
341 402 505 481 pampineis
530 401 666 467 amicitur
688 398 798 460 vitibus
822 397 940 480 ulmuS,

223 488 308 548 Nulla
331 497 470 567 premunt
494 506 591 549 ramos
614 486 746 566 pondere
769 505 856 566 poma
880 505 953 550 suo.

132 591 164 639 15
179 579 288 638 Tristia
312 575 460 637 deformes
483 579 603 656 pariunt
627 575 773 636 absinthia
796 578 910 657 campi,
1044 589 1092 641 nce>

223 665 374 745 Terraque
399 665 435 725 de
460 667 560 725 fructu
584 681 672 742 quam
696 666 734 724 sit
757 681 878 745 amara,
901 663 1006 726 docet.

179 754 226 814 Nil
250 756 340 832 igitur
364 761 425 814 tota
448 753 536 814 Ponti
558 754 679 831 regione
703 753 834 832 sinistri,

225 842 310 912 Qtrod
334 859 399 901 mea
422 841 563 902 sedulitas
586 843 705 901 mittere
727 848 851 920 posset,
875 848 957 902 erat.

180 931 284 991 Clausa
308 937 405 990 tamen
430 931 497 989 misi
521 928 657 1008 Scythica
681 927 735 988 tibi
758 928 815 989 tela
839 928 996 1008 pharetra:

131 1032 164 1080 20
224 1017 315 1078 Hoste
339 1035 446 1096 precor
469 1018 540 1077 liant
563 1017 610 1076 illa
634 1023 757 1078 cruenta
781 1024 850 1077 tuo.

179 1105 240 1166 llos
266 1105 354 1167 habet
380 1105 452 1166 haec
479 1104 626 1184 calamos,
648 1104 704 1164 hos
728 1104 801 1165 haec
827 1104 917 1166 hahet
941 1123 994 1167 ora

727 1192 860 1254 libellos.

224 1281 303 1343 llaec
326 1284 405 1361 viget
427 1283 458 1342 in
482 1283 614 1360 nostris,
638 1280 785 1361 Maxime,
809 1280 893 1343 Musa
915 1278 1007 1342 locis!

180 1372 260 1443 Quae
281 1388 458 1450 quamquam
476 1372 592 1431 misisse
615 1369 727 1449 pudet,
751 1372 820 1447 quia
838 1387 928 1450 parva
946 1369 1090 1447 videntur,

223 1459 268 1521 Tu
293 1467 390 1520 tamen
414 1459 509 1541 haec,
533 1476 665 1538 quaeso,
689 1457 811 1518 consule
835 1460 925 1519 missa
947 1456 1033 1519 honi.

533 1651 646 1730 llllss.

179 1809 264 1880 Qriod
288 1811 326 1870 sit
349 1813 379 1869 in
402 1809 449 1869 his
474 1810 575 1871 eadem
599 1812 768 1891 sententia,
791 1809 906 1890 Brute,
929 1808 1051 1890 libellis,

224 1898 359 1959 Carmina
383 1899 483 1958 nescio
507 1917 596 1977 quem
620 1916 743 1978 carpere
766 1906 869 1959 nostra
892 1901 1006 1960 refers:

179 1986 225 2046 Nil
249 1988 307 2046 nisi
330 2003 377 2045 me
400 1993 480 2046 terra
504 1987 585 2047 lrrrar
609 1994 643 2048 ut
665 1989 805 2067 propiore
828 2004 952 2069 rogare,

222 2073 261 2135 Et
284 2092 372 2152 quam
396 2076 451 2133 sim
476 2074 567 2135 denso
592 2077 707 2136 cinctus
730 2074 766 2135 ab
789 2074 875 2136 hoste
888 2122 897 2155 ,
922 2075 1019 2155 loqui.

151 2161 223 2223 50!
249 2161 397 2242 quamde
421 2160 521 2222 multis
545 2164 649 2223 vitium
672 2162 902 2241 reprehenditur
926 2161 1034 2225 uuuml

223 2249 286 2311 lloc
309 2257 412 2330 peccat
435 2249 530 2312 solum
554 2253 580 2333 si
602 2269 668 2311 mea
690 2249 797 2331 Musa,
819 2250 896 2312 bene
920 2262 983 2314 est.

178 2339 244 2419 lpse
269 2357 322 2418 ego
346 2338 490 2400 librorum
513 2338 597 2399 video
622 2338 729 2399 delicta
750 2357 905 2421 meorum,

224 2427 297 2488 Curn
321 2445 373 2487 sua
397 2425 463 2506 plus
486 2430 565 2487 iusto
589 2428 719 2487 carmina
742 2430 869 2506 quisque
891 2427 1015 2507 probet.

180 2515 304 2594 [Auctor
328 2533 402 2594 opus
426 2515 545 2575 laudat.
587 2517 630 2575 sic
653 2515 777 2576 forsitan
801 2514 908 2594 Agrius
932 2515 1002 2577 olim

132 2617 164 2664 10
224 2604 381 2664 Thersiten
405 2603 479 2663 facie
503 2603 611 2663 dixerit
633 2619 698 2663 esse
722 2602 817 2664 hona.

179 2690 324 2751 Iudicium
347 2701 445 2751 tamen
468 2690 517 2752 hic
541 2699 675 2752 nostrum
699 2709 758 2752 non
782 2691 893 2771 decipit
915 2709 1017 2754 error:

222 2778 305 2856 Nec,
330 2778 472 2858 quidquid
495 2781 606 2859 genui,
634 2780 771 2858 protinus
793 2779 866 2840 illud
889 2779 987 2858 amo.]

180 2865 239 2927 Cur
263 2867 375 2947 igitur,
399 2869 494 2927 sime
519 2867 602 2928 video
627 2867 822 2948 delinquere,
845 2885 985 2951 peccem,
1039 2879 1089 2931 (10³)

223 2952 261 3013 Et
283 2954 378 3032 patiar
402 2956 513 3033 scripto
537 2959 649 3017 crimen
673 2958 789 3034 inesse,
812 2952 926 3036 rogas?

132 3055 164 3102 15
179 3041 244 3103 Non
269 3040 370 3102 eadem
394 3044 468 3102 ratio
493 3050 560 3124 est,
584 3045 694 3105 sentire
718 3052 749 3105 et
772 3045 891 3105 demere
915 3044 1049 3106 morbos.

223 3131 335 3192 Sensus
358 3133 436 3191 inest
460 3135 576 3192 cunctis
589 3179 598 3212 ,
622 3131 735 3193 tollitur
758 3141 822 3194 arte
845 3133 973 3198 molum.

180 3219 272 3298 Saepe
297 3218 414 3297 aliquod
439 3218 561 3280 verbum
585 3222 708 3298 cupiens
731 3228 846 3282 mutare
869 3220 994 3304 reliqui,

222 3308 367 3369 Iudicium
391 3309 469 3368 vires
493 3307 717 3386 destituuntque
739 3326 856 3371 meum.

180 3393 272 3474 Saepe
293 3399 419 3474 piget-
439 3395 509 3474 quid
528 3398 606 3457 enim
626 3396 757 3457 dubitem
777 3397 831 3458 tibi
849 3414 919 3460 vera
937 3392 1089 3460 lateri?-

136 3487 164 3536 to
224 3480 380 3559 Corrigere
404 3492 434 3542 et
456 3483 535 3562 longi
559 3484 638 3545 lerre
661 3483 770 3545 laboris
794 3503 888 3548 onus.
