2386 3892
140 163 206 228 292
541 164 732 216 nasronuu

273 328 394 406 Quaque
418 328 564 406 Carysteis
587 304 733 404 frangitur
756 327 835 388 unda
858 328 956 389 vadis.

230 416 362 493 [Transit
384 424 414 475 et
436 414 584 494 icarium,
607 414 704 492 lapsas
727 414 779 475 ubi
801 416 931 493 perdidit
952 415 1011 477 alas

273 503 373 563 lcarus
386 548 395 581 ,
419 512 448 563 et
470 511 567 562 vastae
591 504 709 562 nomina
733 503 803 562 iecit
826 520 918 581 aquae
930 502 950 581 .]

164 593 305 652 28515155
328 590 408 650 laeva
431 590 559 669 Creten,
583 589 685 649 dextra
708 589 878 668 Pelopeidas
901 591 997 651 undas
1088 604 1139 655 (12⁰)

274 679 411 757 Deserit,
436 688 466 738 et
487 677 608 737 Veneris
633 695 715 737 sacra
739 676 865 756 Cythera
888 680 981 756 petit.

230 766 305 827 Hinc
328 784 408 827 mare
426 765 634 845 Trinacrium,
658 763 787 825 candens
805 764 857 825 ubi
877 767 1014 843 tinguere
1032 767 1139 827 serrum

273 854 400 915 Brontes
423 862 454 913 51
477 853 617 931 Steropes
639 853 877 932 Acmonidesque
900 853 1012 933 solent,

230 943 424 1021 Aequoraque
448 940 517 1001 Alra
541 940 631 1019 legit,
656 939 825 1019 Sardoaque
847 958 939 1019 regna
962 943 1091 1003 sinistris

165 1043 216 1092 290
274 1030 405 1108 Respicit
428 1047 444 1088 a
467 1030 578 1107 remis,
601 1026 819 1105 Ausoniamque
843 1038 941 1089 tenet.

231 1118 313 1177 Ostia
336 1119 520 1196 contigerat,
544 1133 600 1194 qua
624 1134 656 1174 se
679 1115 837 1177 Tiberinus
859 1118 891 1176 in
914 1116 1006 1179 altum

275 1205 384 1265 Dividit
406 1212 436 1264 et
459 1222 561 1282 campo
584 1202 722 1263 liberiore
746 1212 845 1265 natat:

232 1294 334 1353 Omnis
358 1311 449 1371 eques
472 1295 619 1369 mixtaque
643 1292 740 1369 gravis
763 1310 830 1352 cum
853 1290 939 1371 plebe
962 1302 1083 1354 senatus

275 1381 386 1441 Obvius
409 1380 444 1440 ad
468 1380 558 1439 Tusci
580 1379 710 1438 fluminis
733 1394 784 1439 ora
808 1382 904 1441 venit.

165 1482 216 1530 295
231 1468 401 1529 Procedant
422 1470 533 1547 pariter
555 1474 664 1526 matres
687 1473 831 1545 nataeque
854 1484 1009 1546 nurusque

276 1557 416 1634 Quaeque
434 1555 540 1616 colunt
563 1564 680 1614 sanctos
702 1557 869 1632 virginitate
892 1554 994 1616 iocos.

232 1644 339 1704 Sedula
362 1646 432 1704 lune
455 1645 511 1703 viri
533 1648 671 1702 contento
695 1639 814 1702 brachia
837 1642 964 1702 lassant:

275 1731 329 1791 Vix
352 1730 433 1791 subit
455 1730 590 1790 adversas
613 1729 729 1807 hospita
752 1732 833 1789 navis
856 1747 965 1808 aquas.
1028 1788 1059 1807 ,.

232 1819 315 1878 Sicca
338 1818 389 1878 diu
412 1818 508 1877 iuerat
529 1816 639 1897 tellus,
663 1819 727 1876 51115
750 1825 865 1877 usserat
887 1816 1013 1878 herbas:

167 1920 217 1967 300
277 1905 359 1966 Sedit
381 1906 485 1965 limoso
508 1917 610 1983 pressa
633 1907 731 1965 carina
756 1904 846 1965 vado.

233 1995 373 2071 Quisquis
396 1993 479 2052 adest
502 1995 606 2070 operi,
630 1992 696 2070 plus
720 2010 808 2071 quam
831 2010 885 2070 pro
908 2001 993 2070 parte
1015 1991 1138 2070 laborat,

276 2082 400 2141 Adiuvat
423 2088 452 2141 et
475 2081 561 2140 sortis
583 2099 655 2140 voce
680 2089 801 2140 sonante
824 2098 946 2141 manus.

232 2169 282 2229 1115
305 2168 386 2228 velut
408 2167 504 2228 medio
528 2166 641 2228 stabilis
664 2168 748 2228 sedet
769 2167 864 2228 insula
887 2176 996 2247 ponto.

276 2257 400 2316 Attoniti
423 2264 555 2316 monstro
579 2264 716 2333 stantque
739 2264 904 2334 paventque
927 2257 1000 2315 viri.

167 2357 218 2406 305
234 2344 352 2406 Claudia
376 2345 484 2414 Quinta
507 2361 600 2422 genus
623 2343 728 2403 Clauso
752 2342 900 2404 referebat
922 2343 959 2404 ab
972 2342 1040 2405 alto
1048 2390 1058 2423 ,

136 2442 142 2461 ⁶
276 2433 337 2492 Nee
360 2434 449 2493 facies
473 2434 567 2509 impar
590 2430 741 2491 nobilitate
765 2432 838 2493 suit:

233 2521 318 2581 Casta
342 2521 482 2598 quidem,
510 2519 561 2578 sed
586 2536 645 2578 non
672 2526 702 2579 et
725 2518 858 2580 credita.
898 2536 1003 2579 rumor
1025 2519 1134 2596 iniquus

276 2609 435 2687 Laeserat,
459 2617 489 2667 et
511 2606 576 2666 15151
599 2607 731 2666 criminis
754 2614 819 2667 acta
840 2625 891 2667 rea
915 2614 978 2667 est.

233 2695 336 2755 Cultus
360 2705 389 2756 et
412 2697 522 2755 ornatis
546 2697 625 2754 varie
647 2693 782 2773 prodisse
805 2694 918 2773 capillis

167 2795 217 2843 310
276 2782 378 2842 Obluit
391 2829 400 2860 ,
423 2783 458 2842 ad
481 2782 592 2860 rigidos
615 2791 808 2861 promptaque
832 2781 931 2861 lingua
952 2799 1057 2843 senes.

233 2869 356 2929 Conscia
378 2887 462 2929 mens
485 2872 560 2929 recti
584 2870 675 2930 lamae
699 2870 849 2929 mendacia
872 2871 956 2930 risit:

277 2956 334 3016 Sed
359 2975 412 3015 nos
434 2958 465 3016 in
488 2958 591 3018 vitium
615 2957 733 3019 credula
757 2956 843 3017 turba
867 2975 988 3018 sumus.

232 3045 310 3104 Haec
333 3043 385 3104 ubi
408 3051 555 3104 castarum
578 3048 723 3123 processit
746 3044 782 3105 ab
805 3047 921 3123 agmine
934 3054 1084 3122 matrum,

276 3132 314 3192 Et
337 3131 472 3192 manibus
495 3150 599 3209 puram
623 3133 752 3193 lluminis
774 3132 873 3194 hausit
895 3150 1017 3213 aquam,

167 3233 218 3280 315
233 3221 290 3280 Ter
314 3229 402 3297 caput
424 3222 558 3297 inrorat,
582 3227 628 3279 ter
651 3219 727 3280 tollit
749 3222 779 3279 in
802 3220 921 3281 aethera
943 3219 1069 3299 palmas,
1087 3245 1116 3258 -

278 3308 463 3386 ericumque
487 3310 654 3388 aspiciunt,
677 3314 776 3368 mente
799 3325 902 3368 carere
924 3317 1029 3387 putant
1049 3338 1079 3349 -

234 3394 456 3473 summissoque
480 3414 557 3473 genu
581 3395 677 3455 voltus
700 3397 731 3455 in
754 3398 880 3474 imagine
906 3394 990 3457 divae

276 3480 354 3557 Figit
367 3527 376 3561 ,
399 3481 505 3542 ethos
530 3482 590 3543 edit
613 3485 694 3542 crine
718 3483 831 3543 iacente
855 3500 961 3545 sonos:
