2386 3892
429 181 461 234 V.
479 191 514 234 Π
526 184 619 235 48-v
633 183 675 234 ot.

138 342 267 405 Consilio
291 344 410 421 lugiunt
433 342 573 424 aethera,
596 343 713 422 Ponte,
735 350 836 405 tuum.

138 431 291 512 Consilio,
314 449 469 492 commune
494 448 611 492 sacrum
635 448 702 491 cum
726 431 776 491 liat
798 433 829 491 iu
852 449 902 492 ara

137 518 315 599 Fratribus,
339 518 451 579 alterna
475 521 527 596 qui
549 521 665 598 periere
689 536 795 598 meniu,

89 619 121 668 35
138 607 204 685 lpsa
227 605 284 666 sibi
307 605 445 686 discors,
468 614 616 685 tamquam
640 605 796 666 mandetur
819 605 854 666 ab
878 605 953 686 illis,

139 694 292 755 Scinditur
315 696 346 753 in
369 702 469 773 partes
493 703 555 755 atra
579 693 673 754 favilla
697 693 786 754 duas.

137 783 225 861 Hoc,
249 784 392 862 memini,
416 781 562 861 quondam
586 782 651 841 lieri
673 799 733 840 non
756 799 843 860 posse
866 780 1026 863 loquebar,

139 870 179 930 Et
201 888 249 929 me
272 869 421 929 Battiades
444 869 540 930 iudice
564 869 655 929 lalsus
679 877 758 929 erat:

141 958 247 1018 Omnia
270 975 349 1017 nunc
373 957 485 1036 oredo,
509 975 577 1017 cum
600 965 632 1017 tu
655 974 715 1016 non
739 955 847 1018 stultus
871 956 907 1017 ab
931 965 1011 1018 arcto

87 1058 122 1106 40
138 1045 256 1124 Terga,
280 1063 391 1127 vapor,
416 1045 532 1104 dederis
555 1044 772 1123 Ausoniamque
796 1052 898 1124 petas.

139 1133 217 1193 llaec
243 1150 313 1211 ergo
337 1132 388 1193 lux
412 1141 478 1210 est,
502 1151 577 1211 quae
601 1134 708 1193 sinon
732 1140 796 1192 orta
820 1133 941 1216 luisset,

140 1220 225 1280 Nulla
249 1221 306 1281 luit
329 1222 438 1280 misero
462 1221 537 1280 festa
559 1219 683 1280 videnda
706 1220 795 1279 mihi.

141 1308 242 1367 Edidit
264 1307 337 1368 haec
361 1325 458 1367 mores
482 1308 539 1367 illis
562 1307 694 1368 heroisin
718 1324 846 1386 aequos,

144 1396 218 1466 Quis
242 1403 306 1455 erat
329 1394 435 1455 Eetion
458 1395 628 1473 Icariusque
653 1401 753 1472 pater.

42 1480 43 1484 ’
91 1495 126 1543 45
141 1483 214 1543 Nata
237 1482 380 1560 pudicitia
404 1491 448 1542 est
471 1478 494 1561 †
517 1485 608 1543 moris
631 1481 822 1561 probitasque
845 1480 995 1557 fidesque:

142 1572 180 1629 nt
202 1588 262 1630 non
286 1577 356 1630 sunt
378 1572 435 1630 ista
458 1570 563 1648 gaudia
585 1579 653 1631 nata
677 1570 741 1650 die,

142 1657 199 1717 Sed
224 1657 307 1717 labor
331 1664 362 1718 et
384 1676 472 1718 cenae
496 1658 673 1736 fortunaque
697 1657 830 1718 moribus
853 1658 965 1735 impar,

141 1745 281 1824 lustaque
305 1744 342 1805 de
367 1745 454 1806 viduo
477 1764 570 1824 paene
595 1745 724 1824 querella
748 1754 828 1806 toro.

144 1833 264 1893 Scilicet
288 1833 418 1894 adversis
441 1833 572 1912 probitas
596 1835 725 1893 exercita
748 1832 838 1894 rebus

93 1933 127 1981 50
141 1921 234 1981 Tristi
257 1923 410 1981 materiam
433 1929 566 1999 tempore
589 1920 683 1981 laudis
706 1920 811 1982 babet.

143 2008 176 2068 Si
199 2008 273 2068 nihil
296 2008 396 2068 infesti
419 2009 512 2069 durus
535 2009 657 2068 vidisset
679 2008 796 2089 Ulixes,

142 2096 291 2176 Penelope
316 2095 384 2155 lelix
397 2142 406 2175 ,
430 2096 481 2155 sed
505 2098 569 2157 sine
592 2096 677 2156 laude
702 2096 796 2157 soret.

142 2182 243 2244 Victor
267 2182 425 2243 Echionias
449 2186 474 2243 si
498 2186 541 2243 vir
564 2192 749 2263 penetrasset
771 2185 802 2243 in
825 2200 926 2261 arces,

143 2270 279 2331 Forsitan
303 2270 445 2331 Euadnen
468 2273 516 2331 vix
539 2289 592 2331 sua
615 2279 717 2331 nosset
740 2271 865 2330 humus.

96 2370 129 2418 55
144 2358 218 2419 Cum
241 2358 322 2418 Pelia
345 2361 459 2437 genitae
484 2366 528 2418 tot
551 2360 611 2417 sint
624 2404 633 2437 ,
656 2376 711 2416 cur
733 2357 840 2417 nobilis
863 2374 922 2417 una
945 2351 1016 2416 est?

145 2446 257 2525 Nempe
282 2446 338 2508 luit
360 2448 469 2506 misero
493 2453 585 2523 nupta
609 2443 687 2522 quod
712 2461 770 2503 uua
793 2446 873 2503 viro.

145 2533 260 2615 Elfice,
284 2541 318 2594 ut
340 2533 442 2594 lliacas
466 2529 566 2612 tangat
588 2534 670 2610 prior
693 2530 767 2590 alter
790 2529 932 2590 barenas:

145 2620 301 2681 Laodamia
326 2621 398 2681 nihil
422 2640 476 2682 cur
498 2623 668 2699 reseratur,
692 2619 756 2679 erit.

145 2708 182 2768 Et
204 2717 277 2788 tua,
302 2709 380 2786 quod
403 2709 526 2787 mellea,
549 2711 643 2787 pietas
666 2709 765 2785 ignota
789 2711 938 2786 maneret,

100 2809 133 2857 5ο
148 2795 308 2875 lmplerent
332 2799 411 2857 venti
434 2799 460 2856 si
482 2814 547 2856 mea
569 2795 632 2856 vela
656 2797 720 2856 sui.

146 2883 181 2944 Di
204 2893 303 2945 tamen
327 2892 358 2944 et
381 2884 488 2945 Caesar
512 2884 557 2943 dis
581 2901 758 2962 accessure,
781 2881 832 2944 sed
856 2881 947 2962 olim,

148 2971 311 3051 Aequarint
333 2972 431 3051 Pylios
454 2990 523 3032 cum
546 2979 596 3032 tua
619 2971 676 3031 iata
700 2963 781 3051 dies,

148 3058 212 3119 Non
236 3060 332 3138 mihi,
357 3062 407 3138 qui
431 3077 555 3137 poenam
578 3060 672 3119 lateor
694 3060 861 3137 meruisse,
884 3054 936 3116 sed
960 3054 1002 3114 illi

150 3146 288 3228 Parcite,
312 3165 387 3225 quae
410 3147 490 3208 nullo
515 3147 601 3225 digna
624 3146 725 3206 dolore
748 3141 843 3204 doletl
