2386 3892
143 169 209 234 264
552 167 744 220 00000000

276 334 440 411 iugeraque
463 331 568 393 inculti
591 348 684 410 pauca
708 337 809 391 tenere
833 328 906 391 soli.

233 421 305 483 Cum
328 439 400 500 pare
424 437 558 498 quaeque
578 436 632 480 suo
652 426 761 479 coeunt
778 418 974 498 volucresque
994 421 1145 502 feraeque,

276 509 372 587 Atque
396 508 545 587 aliquam,
568 507 604 566 de
628 525 686 586 qua
708 515 868 587 procreet,
891 509 996 586 anguis
1019 506 1120 570 habet.

169 609 219 659 100
233 596 382 657 Extremis
406 595 513 656 dantur
536 592 662 655 conubia
685 593 845 674 gentibus:
877 602 907 657 at
930 613 1006 674 quae

277 683 408 745 Romano
430 682 518 744 vellet
541 681 677 761 nubere,
699 682 779 743 nulla
802 683 876 743 luit.

233 772 368 852 lndolui,
390 773 575 852 patriamque
599 770 667 832 dedi
691 769 745 831 tihi
757 817 766 850 ,
790 768 937 852 Romule,
959 780 1105 834 mentem.

19 874 59 884 ·“
277 856 388 920 “Tolle
411 877 516 939 preces
528 854 562 938 ‚''
583 858 644 919 dixi
668 853 776 936 “quod
798 859 876 937 petis
899 876 979 921 arma
998 855 1145 921 dabunt.''

233 949 321 1010 Festa
343 956 428 1027 parat
450 947 568 1009 Conso.
592 977 626 988 —
650 946 765 1007 Consus
788 945 842 1008 tibi
865 955 964 1008 cetera
988 947 1083 1029 dicet,

168 1050 219 1099 200
278 1035 330 1095 lllo
354 1036 431 1095 iacta
453 1034 500 1094 die
524 1035 594 1095 deam
619 1052 671 1094 sua
694 1051 778 1095 sacra
801 1051 906 1095 canes.

233 1123 405 1184 Intumuere
429 1122 523 1183 Cures
546 1131 577 1183 et
599 1140 673 1201 quos
696 1121 781 1182 dolor
803 1124 900 1201 attigit
922 1122 1019 1184 idem.

278 1211 354 1271 'l'um
378 1212 508 1290 primum
530 1211 649 1289 generis
671 1210 772 1271 intulit
795 1228 875 1272 arma
898 1228 1001 1272 socer.

233 1299 353 1378 lamque
377 1300 440 1359 lere
464 1305 564 1378 raptae
588 1305 715 1359 matrum
739 1316 857 1378 quoque
881 1316 989 1360 nomen

939 1384 1102 1467 habebant,

278 1474 444 1554 Tractaque
468 1482 552 1535 erant
574 1473 661 1552 longa
683 1471 759 1534 bella
782 1475 948 1554 propinqua
971 1492 1069 1535 mora.

169 1575 220 1624 205
235 1561 421 1624 Conveniunt
443 1570 552 1642 nuptae
575 1561 684 1622 dictam
706 1561 827 1622 lunonis
850 1563 880 1622 in
904 1561 1025 1644 aedem,

280 1651 359 1721 Quas
382 1653 460 1710 inter
484 1668 548 1710 mea
572 1652 614 1710 sic
638 1658 685 1710 est
707 1666 801 1710 nurus
825 1667 893 1710 orsa
914 1648 1013 1729 loqui:

234 1733 287 1799 “0
312 1740 423 1816 pariter
446 1746 568 1816 raptae,
592 1769 625 1778 -
649 1739 787 1816 quoniam
810 1737 867 1799 hoc
890 1754 1047 1799 commune

915 1833 1052 1887 tenemus
1075 1859 1108 1869 -

278 1912 343 1973 Non
367 1910 445 1972 ultra
467 1912 546 1972 lente
569 1930 728 1990 possumus
751 1930 816 1973 esse
840 1914 922 1992 piae.

236 2001 322 2061 Stant
344 2002 443 2060 acies:
476 2000 527 2061 sed
551 2007 618 2061 utra
641 1999 671 2060 di
694 2002 754 2061 sint
775 2018 830 2079 pro
853 2007 937 2080 parte
961 2000 1102 2082 rogandi,

169 2102 220 2150 210
279 2088 406 2166 Eligite:
440 2087 509 2148 hinc
532 2089 683 2169 coniunx,
706 2087 775 2148 hinc
798 2095 882 2166 pater
906 2106 987 2148 arma
1010 2097 1107 2150 tenet.

235 2174 443 2246 Quaerendum
467 2184 513 2235 est
525 2223 534 2256 ,
557 2175 661 2236 viduae
684 2176 750 2236 fieri
773 2175 930 2256 malimus,
953 2194 989 2237 an
1014 2175 1121 2238 orbae.

281 2263 442 2325 Consilium
466 2262 548 2324 vobis
572 2265 648 2324 iorte
672 2265 813 2343 piumque
837 2258 958 2325 dabo.''

238 2353 399 2415 Consilium
423 2352 566 2412 dederat.
607 2359 734 2430 parent,
758 2353 916 2430 crinesque
940 2349 1109 2433 resolvunt,

280 2440 449 2519 Maestaque
473 2439 595 2500 funerea
618 2456 743 2518 corpora
765 2447 847 2500 veste
870 2447 994 2519 tegunt.

170 2541 222 2590 215
236 2529 296 2589 lam
320 2536 465 2589 steterant
487 2529 565 2588 acies
588 2527 668 2586 ferro
692 2528 839 2606 mortique
863 2535 999 2608 paratae,

280 2616 340 2676 lam
364 2617 454 2678 lituus
477 2633 593 2694 pugnae
617 2617 700 2693 signa
723 2614 846 2675 daturus
869 2623 951 2677 erat:

238 2704 311 2765 Cum
335 2713 435 2782 raptae
460 2705 581 2765 veniunt
604 2705 682 2763 inter
705 2711 863 2782 patresque
886 2705 1044 2786 virosque,

280 2791 373 2869 lnqnc
398 2795 465 2851 sinu
488 2800 595 2869 natos,
617 2793 740 2870 pignora
764 2808 853 2870 cara,
876 2798 997 2852 tenent.

237 2879 275 2941 Ut
298 2878 428 2938 medium
452 2882 547 2959 campi
570 2881 670 2940 scissis
694 2880 818 2957 tetigere
842 2877 973 2959 capillis,
1110 2889 1148 2940 00

173 2981 224 3031 220
284 2965 316 3026 10
341 2975 449 3027 terram
472 2970 569 3045 posito
592 2966 779 3045 procubuere
802 2983 898 3045 genu:

237 3055 275 3117 Et
299 3057 382 3134 quasi
406 3056 572 3127 sentirent,
596 3054 702 3115 blando
726 3053 853 3114 clamore
878 3062 1002 3134 nepotes

281 3143 454 3204 Tendebant
476 3142 512 3203 ad
535 3160 605 3205 avos
628 3140 763 3203 bracchia
785 3159 875 3220 parva
899 3159 987 3202 siros.

239 3232 295 3302 Qui
319 3240 458 3313 poterat,
481 3228 624 3291 clamabat
646 3247 755 3310 avum,
779 3239 850 3291 tunc
873 3229 1004 3309 denique
1025 3231 1133 3306 visum,

282 3319 320 3380 Et
343 3322 393 3398 qui
416 3321 464 3378 vix
488 3328 603 3399 poterat
616 3366 625 3398 ,
648 3335 735 3397 posse
759 3326 879 3378 coactus
902 3327 983 3379 erat.

174 3417 223 3466 220
239 3407 308 3467 Το10
331 3409 403 3468 viris
427 3410 575 3486 animique
600 3406 730 3485 cadunt,
753 3404 915 3485 gladiisque
938 3407 1061 3468 remotis

283 3493 358 3555 llaut
381 3497 477 3555 soceri
501 3496 618 3573 generis
641 3495 849 3573 accipiuntque
872 3509 998 3576 manus;
