2386 3892
90 187 133 250 32
501 189 675 239 TRISTIUM

178 350 309 411 Plurima
332 348 497 410 mulcendis
521 348 643 410 auribus
666 357 733 427 apta
757 349 875 411 ierens:

180 438 287 498 Accius
312 445 390 498 esset
413 445 518 517 atrox,
542 439 663 497 conviva
685 436 844 497 Terentius
868 443 949 497 esset
961 485 970 517 ,

113 538 164 588 330
179 525 288 585 Essent
310 542 479 604 pugnaees,
505 526 556 603 qui
579 524 641 584 iera
664 522 740 584 bella
763 532 889 585 canunt.

180 612 313 691 Denique
338 614 491 691 composui
514 620 633 672 teneros
656 629 716 671 non
740 611 819 672 solus
843 628 978 675 amores:

180 700 350 779 Composito
373 717 483 779 poenas
507 699 587 759 solus
611 716 711 759 amore
733 699 818 760 dedi.

180 787 280 867 Quid,
304 789 361 848 nisi
385 805 453 848 cum
476 785 568 847 multo
591 785 735 847 Venerem
760 786 942 848 confundere
966 789 1033 848 vino

180 875 336 954 Praecepit
358 874 443 954 lyrici
465 874 536 934 Teia
559 874 642 934 Musa
661 870 772 934 senis?

115 975 165 1024 303
180 962 287 1024 Lesbia
311 962 381 1040 quid
403 962 505 1023 docuit
528 961 667 1043 Sappho,
692 964 748 1022 nisi
773 978 893 1042 amare,
916 959 1056 1041 puellas?

180 1049 256 1111 Tuta
278 1057 377 1110 tamen
400 1048 540 1131 Sappho,
565 1057 645 1110 tutus
670 1056 701 1109 et
722 1047 771 1110 ille
795 1050 868 1110 tuit.

180 1136 241 1197 Nec
265 1136 341 1217 tibi,
366 1136 520 1218 Battiade,
543 1139 666 1217 nocuit,
690 1137 769 1215 quod
793 1154 881 1217 saepe
905 1137 1014 1215 legenti

180 1225 306 1286 Delicias
329 1242 418 1285 versu
441 1226 538 1285 fassus
561 1242 593 1285 es
617 1228 681 1303 ipse
705 1231 788 1285 tuas.

180 1311 289 1373 Fabula
312 1312 436 1373 iucundi
457 1312 536 1373 nulla
560 1320 606 1372 est
630 1315 693 1372 sine
710 1328 816 1372 <amore
840 1312 1010 1394 Menandri,

114 1412 165 1461 330
180 1399 217 1461 Et
240 1399 315 1460 solet
337 1400 387 1460 hic
410 1402 511 1478 pueris
535 1399 757 1478 virginibusque
780 1399 855 1477 legi.

182 1487 249 1548 llias
271 1489 334 1566 ipsa
359 1487 428 1565 quid
453 1496 498 1549 est
521 1487 600 1548 aliud
623 1489 681 1547 nisi
703 1487 853 1567 adultera,
877 1487 913 1547 de
937 1504 994 1566 qua

181 1574 263 1635 Inter
286 1583 446 1634 amatorem
469 1593 567 1653 pugna
590 1577 744 1653 virumque
767 1570 850 1635 init?

181 1661 259 1731 Quid
282 1664 365 1740 prius
388 1669 435 1722 est
456 1661 498 1723 illi
520 1663 635 1723 llamma
658 1661 808 1723 Briseidos
832 1669 924 1741 utque

169 1747 298 1809 ‘Fecerit
321 1751 412 1809 iratos
435 1758 518 1829 rapta
540 1750 637 1830 puella
660 1747 777 1810 duces?

116 1848 166 1896 303
182 1836 240 1896 dut
259 1837 328 1915 quid
353 1836 482 1916 Odyssea
506 1847 552 1899 est
584 1840 641 1898 nisi
659 1838 767 1898 semina
798 1846 922 1916 propter
950 1853 1099 1919 amorem,

182 1923 258 1984 llum
281 1927 326 1984 vir
349 1923 455 2006 abest,
477 1925 578 1987 maltis
602 1943 659 1986 una
683 1927 775 2003 petita
798 1921 896 1985 viris?

181 2010 254 2081 Otris
277 2014 334 2072 nisi
357 2011 524 2073 Maeonides
547 2011 694 2073 Venerem
717 2011 900 2090 Martemque
927 2011 1032 2091 ligatos

182 2088 314 2178 Narrat,
332 2101 362 2160 in
386 2099 514 2160 obsceno
538 2118 662 2179 corpora
685 2117 793 2179 prensa
816 2095 908 2159 toro?

183 2185 289 2265 Unde,
313 2189 371 2247 nisi
393 2187 502 2247 indicio
526 2189 623 2265 magni
647 2190 790 2248 sciremus
813 2185 956 2262 Homeri,

115 2285 166 2334 330
181 2273 312 2352 Hospitis
335 2276 403 2352 igne
427 2273 499 2335 duas
522 2275 681 2335 incaluisse
704 2271 801 2335 deas?

181 2360 275 2421 Omne
298 2379 391 2439 genus
415 2364 518 2441 scripti
540 2365 681 2441 gravitate
704 2360 854 2440 tragoedia
876 2363 984 2423 vincit:

181 2447 260 2509 llaec
284 2466 402 2528 quoque
426 2452 577 2511 materiam
601 2468 718 2530 semper
741 2451 849 2510 amoris
873 2448 977 2510 habet.

180 2535 343 2615 Numquid
361 2539 392 2596 in
407 2536 582 2618 Hippolyto,
600 2540 658 2598 nisi
677 2555 780 2598 caecae
798 2537 914 2597 flamma
928 2531 1091 2597 novercae?

180 2623 293 2684 Nobilis
318 2633 364 2685 est
387 2624 499 2684 Canace
523 2625 622 2686 iratris
646 2642 745 2685 amore
769 2626 832 2686 sui.

116 2722 166 2771 385
182 2707 290 2780 Quid?
322 2728 382 2771 non
404 2710 594 2793 Tantalides,
618 2715 744 2791 agitante
769 2711 913 2790 Cupidine
937 2728 1056 2789 currus,

181 2797 314 2856 Pisaeam
336 2796 471 2876 Phrygiis
493 2801 572 2860 vexit
595 2799 726 2860 eburnus
750 2795 865 2878 equis?

182 2884 345 2962 'lingueret
367 2892 401 2945 ut
423 2886 537 2946 serrum
560 2894 696 2948 natorum
719 2889 862 2965 sanguine
884 2894 978 2947 mater
989 2931 999 2966 ,

182 2970 322 3033 Concitus
345 2990 361 3032 a
383 2971 462 3033 laeso
486 2974 557 3035 iecit
579 2993 677 3034 amore
701 2973 802 3036 dolor.

182 3058 265 3119 Fecit
287 3077 369 3120 amor
392 3059 505 3123 subitas
528 3062 664 3123 volucres
688 3080 754 3122 cum
777 3060 890 3142 paelice
913 3077 1012 3139 regem
1062 3074 1066 3083 ·

115 3159 166 3208 300
181 3146 321 3225 Quaeque
345 3166 432 3210 suum
454 3149 536 3228 luget
558 3167 637 3210 nunc
661 3167 779 3229 quoque
802 3157 896 3209 mater
918 3148 1000 3229 ltyn.

182 3234 213 3296 Si
237 3253 295 3296 non
319 3237 455 3315 Aeropen
478 3239 569 3312 irater
592 3237 754 3298 sceleratus
777 3244 921 3318 amasset,

182 3324 308 3384 Aversos
332 3323 408 3385 Solis
432 3343 491 3385 non
513 3325 680 3402 legeremus
704 3342 813 3403 equos.

182 3411 273 3489 lrnpia
297 3429 352 3472 nec
376 3415 503 3490 tragicos
527 3415 674 3491 tetigisset
697 3411 792 3491 Scylla
815 3412 994 3490 cothurnos,

180 3497 216 3558 Ni
240 3500 368 3577 patrium
392 3502 504 3559 crinem
527 3500 711 3561 desecuisset
733 3517 832 3560 amor.
