2386 3892
459 191 481 246 1.
501 203 521 244 v
535 195 630 245 e-rr.
986 193 1048 260 133

175 354 323 415 Inmemor
347 355 461 433 antiqui
481 352 613 414 vulneris
636 371 717 415 arma
740 357 837 435 capit.

135 441 179 502 Nil
201 442 259 503 sibi
282 458 351 502 cum
373 441 470 521 pelagi
493 440 565 503 dicit
588 441 653 502 iore
676 442 836 522 naufragus
858 445 964 525 undis,

98 540 122 590 to
175 529 212 592 Et
234 530 317 590 ducit
339 546 437 590 remos
461 547 518 608 qua
541 530 628 590 modo
651 532 731 593 navit
753 549 848 610 aqua.

136 617 180 679 Sic
204 636 257 697 ego
281 625 454 679 constanter
477 617 608 678 studium
632 635 691 678 non
714 618 786 681 utile
809 638 913 701 servo,

175 704 213 767 Et
235 713 362 786 repeto,
383 704 492 766 nollem
515 723 589 785 quas
612 705 739 767 coluisse
762 706 849 768 deas.

135 793 208 865 Quid
231 795 331 873 potius
354 789 489 855 faciam?
512 811 572 854 non
595 811 683 874 sum,
707 797 758 873 qui
781 797 882 875 segnia
904 794 1009 857 ducam

176 881 263 942 Otia.
300 899 381 943 mors
405 879 491 942 nobis
513 888 631 960 tempus
654 881 780 943 habetur
801 885 901 945 iners.
1003 897 1047 948 (2⁰)

97 968 192 1030 401100
215 971 297 1031 iuvat
319 972 350 1031 in
373 968 470 1030 lucem
493 971 584 1030 nimio
603 987 788 1033 marcescere
811 974 897 1033 vino:

174 1057 236 1119 Nec
260 1065 342 1119 tenet
364 1060 493 1118 incertas
516 1057 579 1118 alea
601 1057 707 1121 blanda
730 1077 851 1121 manus.

134 1143 204 1207 dnm
222 1145 359 1207 dedimus
382 1162 485 1207 somno
509 1164 583 1225 quas
605 1164 714 1226 corpus
738 1146 867 1225 postulat
888 1147 994 1228 horas,

175 1232 240 1304 Quo
264 1251 371 1312 ponam
394 1233 517 1313 vigilans
540 1240 674 1314 tempora
696 1232 781 1313 longa
804 1231 918 1296 modo?

133 1319 219 1383 Moris
243 1340 281 1382 an
304 1321 413 1383 oblitus
435 1324 524 1401 patrii
546 1320 726 1383 contendere
749 1322 861 1382 discam

95 1418 121 1468 00
175 1409 353 1471 Sarmaticos
376 1426 485 1484 arcus,
509 1417 539 1470 et
560 1409 662 1471 trahar
685 1416 747 1469 arte
770 1406 854 1471 loci?

132 1497 192 1559 llcc
216 1515 334 1577 quoque
358 1515 404 1558 me
428 1497 560 1558 studium
586 1496 745 1577 prohibent
772 1497 927 1558 adsumere
950 1500 1046 1579 vires,

173 1585 317 1664 Mensque
340 1586 432 1664 magis
455 1584 558 1664 gracili
581 1602 705 1664 corpore
728 1593 829 1647 nostra
851 1585 944 1646 valet.

132 1672 203 1735 Cum
222 1674 298 1734 bene
317 1674 503 1753 quaesieris,
526 1673 597 1752 quid
616 1691 716 1754 agam,
735 1676 827 1753 magis
850 1674 922 1736 utile
941 1674 982 1736 nil
1002 1683 1047 1737 est

173 1761 296 1822 Artibus
318 1761 388 1841 his,
411 1779 486 1840 quae
509 1760 551 1822 nil
573 1761 709 1823 utilitatis
731 1761 857 1824 habent.

91 1858 119 1906 55
133 1848 304 1929 Consequor
327 1847 444 1910 exiliis
468 1866 554 1910 casus
578 1848 684 1911 oblivia
707 1852 819 1912 nostri:

174 1936 256 1998 Hanc
281 1954 408 1999 messem
432 1939 503 1998 satis
527 1943 572 1998 001
595 1940 621 1999 01
643 1955 708 1999 mea
731 1937 829 1999 reddit
850 1938 976 1999 humus.

133 2023 228 2086 Gloria
251 2043 303 2086 vos
326 2032 430 2104 acuat;
453 2043 505 2085 vos
517 2073 526 2104 ‚
549 2033 583 2086 ut
606 2027 729 2087 recitata
751 2026 915 2105 probentur

175 2112 333 2193 Carmina,
356 2113 462 2173 Pieriis
485 2113 634 2192 invigilate
657 2113 773 2175 choris.
896 2172 898 2178 ,

72 2200 80 2205 “
133 2199 217 2272 Quod
241 2203 322 2262 venit
344 2218 381 2261 ex
403 2201 503 2280 sacili,
527 2204 597 2262 satis
621 2209 667 2262 001
689 2219 867 2281 componere
889 2201 994 2282 nobis,

90 2298 119 2347 00
175 2288 213 2349 Et
234 2289 324 2349 nimis
346 2290 453 2350 intenti
477 2306 564 2349 causa
587 2286 695 2350 laboris
718 2289 818 2351 abest.

133 2375 191 2439 Cur
215 2393 269 2454 ego
294 2375 419 2437 sollicita
432 2376 549 2455 poliam
572 2393 637 2436 mea
660 2378 790 2436 carmina
812 2373 910 2437 cura?

176 2465 219 2524 An
243 2481 347 2525 verear
360 2510 369 2543 ,
393 2482 429 2524 ne
454 2481 512 2525 non
535 2463 679 2543 approbet
700 2461 750 2522 illa
773 2458 890 2523 Getes?

132 2550 267 2613 Forsitan
290 2552 430 2612 audacter
453 2552 580 2632 faciam,
603 2549 654 2612 sed
677 2549 788 2630 glorior
810 2547 945 2610 Histrum

175 2638 297 2719 Ingenio
320 2638 434 2700 nullum
458 2642 552 2701 maius
575 2638 684 2700 habere
708 2655 792 2699 meo.

89 2736 120 2786 00
133 2726 212 2808 Hoc,
231 2727 284 2788 ubi
302 2728 459 2789 vivendum
478 2735 541 2810 001,
559 2730 630 2789 00110
649 2736 712 2809 001,
733 2729 760 2788 01
778 2743 944 2806 consequor
963 2743 1048 2807 arvo,

174 2815 256 2877 lnter
278 2815 454 2878 inhumanos
477 2834 543 2877 esse
565 2824 652 2895 poeta
675 2815 780 2878 Getas.

132 2903 196 2974 Quo
215 2902 310 2983 mihi,
333 2903 481 2966 diversum
499 2905 575 2965 lama
595 2903 774 2967 contendere
795 2907 827 2967 in
846 2899 975 2967 orbem?
1004 2914 1048 2964 (21)

175 2991 270 3062 Quem
294 2992 412 3053 lortuna
434 2992 537 3073 dedit,
560 2991 652 3054 Roma
675 2993 786 3055 0111110
810 2993 911 3054 locus.

131 3077 193 3140 lloc
216 3097 281 3140 mea
304 3087 442 3142 contenta
466 3088 512 3142 001
534 3081 635 3142 infelix
658 3081 741 3143 Musa
764 3081 897 3143 theatro:

88 3176 118 3225 00
176 3167 225 3229 Sic
247 3170 367 3247 merui,
390 3170 487 3246 magni
511 3170 554 3229 sic
576 3168 696 3230 voluere
720 3169 785 3229 dei.

132 3253 192 3315 Nec
216 3273 284 3316 reor
307 3255 376 3316 hinc
399 3259 477 3317 istuc
500 3259 610 3318 nostris
633 3258 691 3317 iter
714 3272 780 3315 esse
803 3250 928 3332 libellis,

175 3342 240 3414 Quo
263 3342 369 3404 boreas
392 3346 482 3422 pinna
505 3344 661 3404 deficiente
683 3343 780 3402 venit.

132 3426 293 3492 Dividimur
318 3431 417 3512 caelo;
441 3449 575 3510 quaeque
600 3436 645 3490 est
667 3428 772 3507 procul
795 3427 870 3489 urbe
893 3426 1025 3503 Quirini,

176 3518 288 3598 Aspicit
310 3519 442 3580 hirsutos
466 3519 631 3579 comminus
654 3514 729 3577 Ursa
752 3515 858 3579 Getas.
