2386 3892
442 194 479 249 m
496 207 523 250 11
536 196 669 252 88-110.

189 358 251 422 Nee
273 360 357 438 vigor
380 365 427 420 est
447 357 537 421 Drusi
559 358 711 421 nobilitate
733 360 850 422 minor.

103 459 134 510 rs
148 447 229 509 lldde
252 464 348 508 nurus
370 454 534 527 neptesque
555 449 620 527 pias
642 455 787 528 natosque
808 455 951 528 nepotum

189 535 353 614 (lateraque
376 536 525 615 Augustae
546 534 680 598 membra
700 535 799 598 velere
821 536 945 617 domns3

146 623 227 686 Adde
250 621 448 702 triumphatos
469 623 557 686 modo
579 622 734 704 Paeonas,
755 624 830 686 adde
853 625 945 705 quieti

190 710 315 773 Subdita
336 719 493 773 montanae
515 711 635 774 brachie
658 711 833 774 Dalmatiae.

144 799 206 861 Nec
228 796 385 878 dedignata
407 808 454 861 est
475 799 598 862 abiectis
619 799 716 880 Illyris
739 802 829 861 armis
1017 813 1061 865 ‹o›

102 899 133 951 80
190 886 367 948 Caesareum
389 887 498 950 lamulo
520 889 631 949 vertice
653 889 733 950 lerre
755 887 880 968 pedem.

146 975 213 1055 lpse
231 991 328 1055 snper
350 992 472 1036 currum
494 975 608 1056 placido
631 974 801 1057 spectabilis
822 993 874 1037 ore

189 1063 336 1144 Tempora
358 1062 495 1125 Phoebea
516 1066 630 1142 virgine
653 1081 728 1126 nexa
751 1063 835 1127 tulit.

145 1152 240 1223 Quem
262 1152 312 1232 pia
335 1151 487 1213 vobiscum
509 1150 609 1231 proles
631 1153 782 1214 comitavit
803 1159 941 1232 euntem,

189 1239 282 1319 Digna
304 1248 427 1319 parente
450 1257 504 1301 suo
527 1239 755 1318 nominibusque
778 1238 873 1320 datis3

102 1338 133 1389 aa
146 1326 301 1390 Fratribus
323 1327 487 1408 adsimilis,
510 1344 585 1408 quos
607 1329 740 1408 proxima
761 1325 871 1407 templa
892 1328 1022 1388 tenentis

189 1413 281 1477 Divus
303 1415 340 1476 ab
363 1413 478 1478 excelsa
499 1414 592 1477 lulius
615 1414 686 1477 aede
708 1413 804 1476 videt.

102 1560 108 1574 ,
145 1501 199 1564 llis
220 1502 418 1583 Messalinus,
441 1503 550 1583 quibus
572 1505 671 1564 omnia
692 1502 799 1564 cedere
822 1499 950 1582 debent,

190 1590 323 1657 Primum
345 1591 473 1653 lactinae
495 1609 556 1652 non
577 1598 666 1672 negat
685 1589 760 1652 'esse'
775 1590 893 1652 locum.

146 1677 294 1759 Quidquid
313 1678 350 1741 ab
369 1679 415 1741 bis
437 1685 597 1760 superest,
613 1680 696 1741 venit
715 1681 748 1741 in
765 1686 916 1742 certamen
935 1679 1060 1740 amoris:

103 1779 134 1828 ao
190 1766 252 1829 llac
274 1766 428 1830 hominum
450 1767 525 1830 nulli
545 1775 630 1847 parte
652 1767 802 1830 secundus
823 1769 902 1830 erit.

145 1853 227 1917 Hanc
250 1855 329 1917 colet
350 1864 417 1917 ante
440 1855 519 1917 diem
530 1902 540 1937 ,
561 1872 637 1918 nora
658 1872 717 1936 qua
739 1855 859 1917 decreta
880 1857 1008 1919 merenti

189 1942 277 2005 Venit
298 1943 449 2005 honoratis
472 1943 571 2005 laurea
592 1944 681 2023 digna
703 1945 813 2006 comis.

146 2031 281 2112 Felices,
304 2030 412 2111 quibus
435 2029 474 2093 ol
510 2030 594 2107 licuit
615 2038 751 2112 spectare
773 2030 941 2112 triumphos

189 2118 228 2181 Et
250 2120 335 2181 ducis
357 2137 409 2181 ore
433 2119 504 2181 deos
526 2122 736 2200 aequiperante
757 2119 835 2182 irui.

103 2216 133 2268 oc
146 2209 183 2269 at
205 2206 280 2269 mihi
303 2206 492 2270 Sauromatae
514 2226 569 2288 pro
592 2207 725 2269 Caesaris
747 2224 800 2269 ore
822 2206 942 2270 ddendi

189 2294 341 2375 Terraque
364 2298 445 2376 pacis
467 2297 554 2376 inops
577 2295 713 2374 undaque
735 2296 837 2356 iuncta
858 2293 945 2374 gelu.

147 2382 179 2445 Sl
200 2393 300 2446 tamen
322 2382 395 2445 baec
417 2383 501 2445 audis
523 2389 556 2444 et
576 2399 631 2443 vox
655 2398 720 2442 mea
740 2383 877 2460 pervenit
897 2382 989 2460 istae,

191 2470 237 2534 Sit
260 2480 312 2534 tua
333 2470 474 2534 mutando
496 2472 590 2551 gratia
612 2468 717 2530 blanda
740 2467 822 2529 loco.

147 2557 209 2621 lloc
229 2568 316 2639 pater
338 2558 388 2620 ille
410 2567 481 2621 tuns
503 2560 598 2640 primo
621 2556 695 2618 mibi
716 2554 815 2617 cultus
837 2554 874 2615 ab
897 2572 986 2637 aevo,

90 2655 133 2708 1oo
184 2646 297 2727 ‚Siquid
319 2645 409 2708 habet
431 2644 664 2710 sensus·umbra
686 2643 818 2725 diserta,
839 2644 932 2724 petit.
1007 2678 1015 2694 ·

146 2733 208 2797 lloc
230 2737 307 2816 petit
319 2744 359 2797 et
380 2737 490 2798 irater.
530 2736 663 2816 wamiis
685 2733 811 2796 sortasse
831 2739 972 2815 veretur,
1015 2745 1060 2798 ‹ee›

190 2822 333 2884 Servandi
355 2832 462 2886 noceat
483 2841 521 2887 ne
543 2822 599 2884 tibi
621 2839 693 2884 eura
714 2822 792 2889 mei.

146 2910 220 2973 Tota
242 2912 348 2974 domus
371 2921 456 2992 rogat
477 2910 552 2974 hoe.
595 2928 651 2972 nec
673 2918 708 2973 tu
729 2919 815 2992 potes
837 2912 902 2994 ipse
924 2928 1033 2992 negare

187 2997 229 3063 Et
250 3017 305 3061 nos
326 3001 359 3063 in
381 2999 487 3065 turbae
508 3008 593 3081 parte
614 2999 708 3062 fuisse
730 3007 818 3062 tuae.

89 3095 133 3147 toa
146 3087 260 3167 ingenii
283 3097 386 3169 certe,
409 3106 468 3169 quo
491 3106 546 3150 nos
568 3087 643 3149 male
667 3089 814 3161 sensimus
837 3104 929 3168 usos,

189 3174 311 3237 Artibus
334 3178 488 3258 exeeptis,
509 3193 597 3257 saepe
620 3173 762 3255 probator
783 3191 867 3236 eras.

146 3262 207 3325 Nec
229 3280 318 3346 mea,
340 3267 503 3327 sitantum
525 3270 646 3345 peccata
668 3263 827 3324 norissima
848 3260 966 3344 demas,

190 3350 266 3414 Esse
287 3361 386 3433 potest
408 3353 511 3415 domui
532 3353 591 3415 vita
611 3348 750 3431 pudenda
771 3356 860 3412 tuae.

148 3438 196 3502 Sir
218 3441 310 3519 igitur
332 3449 449 3504 vestrae
471 3443 588 3520 vigeant
609 3435 775 3519 perronella
792 3437 909 3520 gentis,
942 3435 961 3515 J

90 3534 134 3588 110
191 3526 329 3608 Curaque
352 3530 392 3591 sit
414 3529 531 3609 superis
553 3525 789 3605 Caesaribusque
810 3526 884 3681 tui10
889 3574 917 3659 *-
