2386 3892
91 192 133 256 10
507 191 677 242 rnrsrruu

177 356 216 417 Et
238 355 350 417 feriunt
371 362 499 415 maestae
522 361 642 434 pectora
668 353 746 414 nuda
769 371 892 414 manus.

178 444 255 504 Tum
277 461 348 503 vero
372 445 522 523 coniunx,
545 444 657 503 umeris
680 440 817 502 abeuntis
839 441 1020 523 inhaerens,

130 545 164 592 80
179 532 296 592 Miscuit
318 531 390 591 haec
414 530 543 591 lacrimis
566 532 662 590 tristia
684 528 773 589 verba
796 530 887 590 meis:

179 616 256 679 ‘Non
273 626 359 698 potes
377 618 482 680 avelli.
521 618 608 679 slmul
626 618 717 696 hinc,
736 616 825 677 simul
843 612 963 678 ibimus’
983 619 1097 696 inquit:

179 704 232 767 ‘Te
256 725 363 786 sequar
386 715 416 767 01
440 708 567 767 coniunx
590 705 684 766 exulis
709 705 776 765 exul
800 722 873 765 ero.

179 794 217 856 Et
238 795 311 855 mibi
333 795 408 856 lacta
431 797 477 855 via
500 802 567 874 est,
600 802 630 854 01
653 811 699 854 me
723 794 801 872 capit
823 792 926 854 ultima
949 793 1056 857 tellus:

179 883 323 944 Accedam
346 884 488 963 profugae
512 883 626 942 sarcina
648 899 738 960 parva
761 882 834 941 rati.

131 983 163 1030 85
179 971 220 1031 Te
243 971 326 1032 iubet
349 989 365 1031 a
388 973 481 1050 patria
504 969 657 1031 discedere
681 969 815 1030 Caesaris
838 971 900 1048 ira,

178 1059 224 1118 Me
247 1061 362 1138 pietas.
398 1061 493 1138 pietas
516 1059 588 1119 baec
612 1058 683 1117 mibi
706 1057 812 1117 Caesar
835 1051 921 1119 erit?

179 1146 259 1206 Talia
283 1146 465 1226 temptabat,
488 1148 566 1208 sicut
589 1152 784 1225 temptaverat
806 1153 891 1225 autc,

178 1233 290 1313 Vixque
314 1235 396 1295 dedit
417 1237 508 1295 victas
532 1234 658 1295 utilitate
681 1251 803 1294 manns.

178 1321 343 1402 Egredior,
367 1325 427 1384 sire
451 1322 523 1383 illud
547 1330 610 1383 erat
633 1325 696 1382 sine
720 1322 825 1381 100010
848 1321 938 1402 10111,

132 1421 165 1469 00
181 1409 338 1488 Squalidus
360 1412 492 1471 inmissis
514 1410 592 1471 hirta
614 1429 670 1489 per
692 1427 744 1469 ora
767 1410 873 1469 comis.

177 1497 229 1558 llla
252 1498 354 1559 dolore
377 1517 477 1559 amens
501 1497 633 1559 tenebris
656 1504 794 1558 narratur
817 1495 931 1558 obortis

180 1584 365 1646 Semianimis
388 1586 483 1646 media
506 1584 700 1665 procubuisse
724 1585 825 1664 domo,

180 1672 277 1751 thue
300 1676 465 1734 resurrexit
483 1673 612 1733 foedatis
634 1674 756 1753 pulvere
779 1674 860 1751 turpi

179 1759 317 1820 Crinibus
341 1769 371 1821 et
393 1761 487 1839 gelida
510 1760 642 1821 membra
660 1763 767 1822 levavit
789 1760 897 1840 bumo,

131 1859 164 1908 95
180 1847 218 1908 Se
241 1849 352 1928 modo,
377 1849 511 1910 desertos
534 1850 621 1909 modo
645 1849 843 1929 complorasse
865 1854 1006 1929 penates,

178 1935 290 1996 Nomen
315 1944 345 1996 et
367 1940 462 2017 erepti
485 1955 571 2016 saepe
594 1955 715 1998 vocasse
738 1939 811 2016 viri,

178 2023 239 2083 Nec
262 2027 409 2102 gemuisse
433 2027 552 2106 minus,
575 2044 662 2104 quam
686 2027 712 2085 si
733 2032 878 2103 nataeque
901 2041 1058 2103 meumque

180 2110 305 2172 Vidisset
328 2119 458 2173 structos
481 2132 591 2193 corpus
614 2113 723 2173 babere
746 2131 851 2192 rogos,

150 2250 152 2254 Α
179 2198 216 2258 Et
239 2199 366 2260 voluisse
389 2203 487 2280 mori,
510 2202 662 2261 moriendo
685 2218 796 2280 ponere
820 2218 944 2282 sensus,

114 2298 164 2347 100
179 2285 385 2366 Respeotnque
408 2297 507 2358 tamen
530 2308 590 2350 non
612 2291 737 2369 periisse
760 2290 838 2348 mei.

177 2374 281 2436 Vivatl
304 2383 335 2437 01
352 2376 503 2437 absentem
522 2409 566 2421 —
589 2379 728 2455 quoniam
751 2378 794 2436 sic
817 2376 875 2437 lata
898 2376 1031 2437 tulerunt
1049 2407 1088 2417 -

177 2461 260 2523 Vivat
282 2471 338 2540 ut,
361 2465 468 2526 auxilio
492 2465 626 2526 sublevet
648 2483 744 2545 usque
768 2481 837 2525 suo.

486 2655 620 2730 ⁴IV.

178 2813 336 2892 Tinguitur
359 2831 469 2875 oceano
493 2823 593 2876 custos
616 2815 844 2895 Erymanthidos
867 2833 973 2897 ursae,

178 2901 406 2980 Aequoreasqne
429 2920 483 2962 suo
508 2903 604 2965 sidere
627 2904 728 2965 turbat
750 2922 858 2983 aquas.

177 2988 237 3048 Nos
261 2996 359 3049 tamen
381 2990 496 3052 lonium
519 3009 579 3052 000
603 3001 704 3052 000110
726 2993 866 3053 findimus
889 3009 1000 3070 aequor

178 3075 310 3157 Sponte,
334 3078 386 3138 sed
410 3079 536 3140 audaces
559 3083 692 3159 cogimur
715 3099 780 3141 0000
803 3088 903 3142 metu.

147 3164 223 3224 oMe
245 3166 409 3228 miserum!
433 3169 550 3247 quantis
573 3171 746 3229 increscunt
768 3186 897 3248 aequora
919 3168 1029 3245 ventis,

176 3251 327 3333 Erutaquc
351 3274 387 3316 ex
410 3258 477 3316 imis
500 3257 595 3317 101101
616 3257 726 3317 harena
748 3255 852 3317 iretis!

176 3339 275 3401 Monte
298 3360 354 3403 nec
376 3344 501 3403 interior
522 3362 628 3423 prorae
651 3347 802 3424 puppique
824 3362 967 3406 recurvae

176 3427 271 3488 lnsilit
294 3437 323 3489 et
346 3433 441 3508 pictos
465 3432 601 3493 verberat
624 3432 701 3493 unda
725 3433 815 3494 deos,

177 3513 267 3575 Pinea
290 3523 369 3578 terta
393 3527 499 3579 sonant
521 3520 630 3600 pulsu,
654 3521 781 3581 stridore
804 3521 966 3598 rudentes,
