2386 3892
413 193 461 246 ΙΙΙ,
480 205 530 245 1111
545 195 635 246 82-r7
650 197 693 247 34.

526 390 577 473 ,V.

141 529 233 602 Quam
256 530 352 610 legis,
376 532 454 592 undo
478 532 532 594 tibi
555 535 689 594 mittatur
713 535 838 614 epistula
851 582 861 615 ,
885 532 1031 616 quaeris?

183 619 281 700 Hinc,
305 619 356 680 ubi
379 621 523 700 caeruleis
547 624 679 700 iungitur
702 621 802 684 Hister
826 627 928 703 aquis.

142 707 178 768 Ut
200 710 282 787 regio
306 708 383 769 dicta
406 717 452 769 est
465 757 474 790 ,
498 728 675 771 succurrere
699 711 788 772 debet
811 721 840 772 et
863 721 984 793 auctor,

184 796 294 856 Laesus
318 796 353 857 ab
377 799 495 876 ingenio
519 797 595 858 Naso
619 808 706 877 poeta
731 818 802 859 suo.

109 885 197 955 5οιιί
219 883 274 945 tibi
286 930 295 963 ,
319 902 407 964 quam
430 885 529 946 mallet
552 905 693 964 praesens
716 887 821 948 alierre
846 887 988 969 salutem,

184 972 274 1034 Mittit
297 972 333 1033 ab
357 973 503 1055 hirsutis,
526 974 651 1035 Maxime
675 973 781 1056 Cotta,
806 975 904 1037 Getis.

139 1061 299 1142 Legimus,
323 1080 340 1121 o
363 1063 477 1123 iuvenis
501 1065 589 1142 patrii
612 1081 671 1124 non
695 1062 824 1142 degener
848 1067 927 1146 oris,

183 1149 266 1210 Dicta
290 1149 343 1211 tibi
366 1150 452 1229 pleno
476 1150 565 1211 verba
588 1151 698 1212 diserta
721 1153 803 1212 soro.

61 1316 69 1336 .
141 1238 222 1309 Quae
245 1255 423 1317 quamquam
445 1238 546 1318 lingua
569 1239 641 1299 mihi
663 1250 733 1300 sum
756 1250 935 1319 properante
957 1261 1012 1320 per

687 1326 774 1388 horas
1015 1363 1052 1373 —

93 1428 126 1476 10
179 1414 270 1476 Lecta
293 1416 363 1476 satis
386 1415 494 1476 multas
507 1462 516 1495 ,
538 1433 631 1496 pauca
655 1415 745 1477 luisse
769 1433 897 1495 queror.

139 1503 227 1564 Plura
250 1504 303 1563 sed
326 1503 398 1564 haec
422 1506 479 1565 ieci
502 1504 660 1583 relegendo
684 1521 794 1584 saepe3
817 1523 872 1565 nec
896 1523 1037 1586 umquam

183 1590 248 1652 Non
272 1591 365 1664 milri,
389 1611 477 1672 quam
499 1595 618 1672 primo,
641 1600 723 1672 grata
746 1594 829 1654 iuere
853 1597 963 1673 magis,

107 1743 109 1746 .
140 1679 273 1758 Cumque
297 1680 369 1740 nihil
393 1683 500 1741 totiens
524 1680 598 1741 lecta
623 1699 639 1741 e
663 1680 818 1742 dulcedine
842 1682 984 1762 perdant,

184 1767 302 1828 Viribus
325 1768 373 1828 illa
397 1771 482 1847 suis,
506 1788 565 1829 non
588 1772 739 1851 novitate,
762 1771 896 1850 placent.

92 1869 124 1917 15
141 1855 276 1934 Felices,
300 1856 407 1935 quibus
431 1857 503 1918 haec
526 1860 590 1937 ipso
614 1875 794 1936 cognoscere
817 1861 848 1920 in
871 1868 958 1941 actu,

184 1943 221 2004 Et
244 1952 304 2005 tam
327 1944 453 2005 facundo
478 1948 601 2025 contigit
624 1964 675 2006 ore
700 1945 777 2008 lrui!

139 2031 211 2092 Nam
235 2050 412 2112 quamquam
435 2052 523 2114 sapor
546 2044 591 2096 est
614 2034 707 2096 adlata
731 2034 825 2096 dulcis
848 2037 878 2096 in
903 2036 998 2118 unda,

184 2120 303 2182 Gratius
328 2139 362 2182 ex
386 2124 450 2201 ipso
474 2123 555 2183 sonte
578 2122 722 2184 bibuntur
745 2141 855 2204 aquae.

140 2207 178 2268 Et
200 2211 292 2287 magis
316 2208 442 2270 adducto
465 2229 584 2289 pomum
608 2210 769 2291 decerpere
793 2229 892 2293 ramo,
1012 2224 1055 2276 (⁹⁵)

90 2309 125 2357 20
183 2295 278 2368 Quam
302 2297 337 2358 de
362 2299 471 2359 caelata
495 2316 612 2358 sumere
635 2299 718 2360 lance
742 2302 837 2360 iuvat.

139 2385 177 2445 At
199 2387 256 2445 nisi
278 2404 471 2469 peccassem,
495 2389 552 2447 nisi
574 2404 621 2447 me
644 2404 710 2446 mea
732 2385 815 2446 Musa
840 2388 988 2470 fugasset,

183 2471 268 2544 Quod
291 2475 371 2554 legi,
394 2485 445 2535 tua
468 2493 522 2535 vox
547 2474 730 2535 exhibuisset
752 2492 845 2553 opus.

140 2561 236 2640 thue
260 2563 303 2623 lui
326 2564 448 2644 solitus,
472 2564 615 2625 sedissem
638 2564 762 2624 iorsitan
786 2581 863 2624 uncus

183 2649 226 2710 De
250 2663 369 2712 centum
392 2652 480 2712 iudex
503 2654 533 2713 in
560 2665 608 2714 ura
632 2651 720 2713 verba
742 2653 830 2712 viris:

90 2750 124 2799 25
138 2738 231 2799 Maior
255 2748 284 2799 et
307 2739 458 2819 implesset
480 2742 652 2820 praecordia
676 2750 776 2802 nostra
799 2739 951 2821 voluptas,

184 2825 258 2887 Cum
281 2827 416 2889 traherer
439 2828 525 2890 dictis
549 2830 769 2910 adnueremque
793 2831 869 2892 tuis.

138 2914 233 2985 Quem
258 2918 395 2993 quoniam
419 2917 510 2979 iatum
534 2918 617 2979 vobis
640 2921 793 2998 patriaque
817 2919 928 2979 relictis

183 3002 265 3064 lnter
287 3004 463 3066 inhumanos
486 3005 590 3068 maluit
613 3025 678 3068 esse
702 3006 808 3084 Getas,

139 3090 225 3163 Quod
249 3091 340 3173 licet,
363 3103 397 3154 ut
419 3093 519 3155 uidear
542 3105 640 3156 tecum
664 3097 757 3173 magis
781 3111 869 3173 esse,
893 3093 1014 3174 legenda

89 3192 123 3240 30
184 3179 301 3259 Saepe,
324 3198 453 3262 precor,
475 3182 566 3243 studii
589 3186 712 3263 pignora
734 3183 819 3240 mitte
843 3183 902 3241 tui:

137 3267 339 3347 Exemploque
363 3287 451 3350 meo,
475 3272 532 3351 nisi
555 3269 723 3347 dedignaris
746 3266 777 3327 id
800 3269 916 3347 ipsum,

183 3355 295 3438 Utere,
318 3357 397 3437 quod
421 3357 506 3418 nohis
528 3359 640 3418 rectius
658 3357 722 3433 ipse
746 3353 850 3424 dares.

138 3443 270 3524 Namque
294 3462 369 3524 ego,
392 3447 444 3524 qui
462 3447 537 3525 perii
559 3448 617 3505 iam
636 3441 771 3524 pridem,
790 3441 936 3525 Maxime,
955 3443 1054 3524 vobis,

182 3532 303 3612 ingenio
327 3535 406 3594 nitor
429 3550 487 3593 non
511 3534 635 3611 periisse
658 3547 742 3593 meo.

845 3631 897 3687 12*
