<?xml version="1.0" encoding="UTF-8"?>
<!DOCTYPE html PUBLIC "-//W3C//DTD XHTML 1.0 Transitional//EN"
    "http://www.w3.org/TR/xhtml1/DTD/xhtml1-transitional.dtd">
<html xmlns="http://www.w3.org/1999/xhtml" xml:lang="en" lang="en">
 <head>
  <title>
</title>
<meta http-equiv="Content-Type" content="text/html;charset=utf-8" />
  <meta name='ocr-system' content='tesseract 3.04.00' />
  <meta name='ocr-capabilities' content='ocr_page ocr_carea ocr_par ocr_line ocrx_word'/>
</head>
<body>
  <div class='ocr_page' id='page_1' title='image "./ovidiusexiterat00ovidgoog_0014.png"; bbox 0 0 2386 3892; ppageno 0'>
   <div class='ocr_carea' id='block_1_1' title="bbox 1052 161 1102 214">
    <p class='ocr_par' dir='ltr' id='par_1_1' title="bbox 1052 161 1102 214">
     <span class='ocr_line' id='line_1_1' title="bbox 1052 161 1102 214; baseline 0 0"><span class='ocrx_word' id='word_1_1' title='bbox 1052 161 1102 214; x_wconf 83' lang='lat' dir='ltr'>Vll</span> 
     </span>
    </p>
   </div>
   <div class='ocr_carea' id='block_1_2' title="bbox 58 324 1138 3570">
    <p class='ocr_par' dir='ltr' id='par_1_2' title="bbox 90 324 1104 738">
     <span class='ocr_line' id='line_1_2' title="bbox 90 324 1102 402; baseline 0 -16"><span class='ocrx_word' id='word_1_2' title='bbox 90 325 164 386; x_wconf 88' lang='lat' dir='ltr'>olim</span> <span class='ocrx_word' id='word_1_3' title='bbox 187 327 221 385; x_wconf 92' lang='lat' dir='ltr'>in</span> <span class='ocrx_word' id='word_1_4' title='bbox 244 325 289 386; x_wconf 92' lang='lat' dir='ltr'>ed.</span> <span class='ocrx_word' id='word_1_5' title='bbox 309 325 423 385; x_wconf 80' lang='lat' dir='ltr'>Teubn.</span> <span class='ocrx_word' id='word_1_6' title='bbox 444 345 473 400; x_wconf 91' lang='lat' dir='ltr'>p.</span> <span class='ocrx_word' id='word_1_7' title='bbox 492 338 529 384; x_wconf 75' lang='lat'>11</span> <span class='ocrx_word' id='word_1_8' title='bbox 547 343 563 384; x_wconf 91' lang='lat' dir='ltr'>e</span> <span class='ocrx_word' id='word_1_9' title='bbox 583 324 679 384; x_wconf 83' lang='lat' dir='ltr'>Fastis</span> <span class='ocrx_word' id='word_1_10' title='bbox 703 325 830 400; x_wconf 85' lang='lat' dir='ltr'>enotavi,</span> <span class='ocrx_word' id='word_1_11' title='bbox 853 329 906 385; x_wconf 88' lang='lat' dir='ltr'>aut</span> <span class='ocrx_word' id='word_1_12' title='bbox 925 326 1003 402; x_wconf 90' lang='lat' dir='ltr'>quod</span> <span class='ocrx_word' id='word_1_13' title='bbox 1022 327 1102 386; x_wconf 87' lang='lat' dir='ltr'>Korn</span> 
     </span>
     <span class='ocr_line' id='line_1_3' title="bbox 90 413 1101 489; baseline 0.002 -17"><span class='ocrx_word' id='word_1_14' title='bbox 90 415 164 472; x_wconf 88' lang='lat' dir='ltr'>mihi</span> <span class='ocrx_word' id='word_1_15' title='bbox 194 413 336 489; x_wconf 87' lang='lat' dir='ltr'>opposuit</span> <span class='ocrx_word' id='word_1_16' title='bbox 362 434 390 489; x_wconf 90' lang='lat' dir='ltr'>p.</span> <span class='ocrx_word' id='word_1_17' title='bbox 414 425 473 475; x_wconf 79' lang='grc' dir='ltr'>ΧΠ.</span> <span class='ocrx_word' id='word_1_18' title='bbox 527 431 631 472; x_wconf 85' lang='lat' dir='ltr'>versus</span> <span class='ocrx_word' id='word_1_19' title='bbox 660 416 713 472; x_wconf 90' lang='lat' dir='ltr'>aut</span> <span class='ocrx_word' id='word_1_20' title='bbox 735 413 862 473; x_wconf 88' lang='lat' dir='ltr'>disticha</span> <span class='ocrx_word' id='word_1_21' title='bbox 885 414 915 472; x_wconf 92' lang='lat' dir='ltr'>in</span> <span class='ocrx_word' id='word_1_22' title='bbox 939 414 1101 474; x_wconf 86' lang='lat' dir='ltr'>Petaviano</span> 
     </span>
     <span class='ocr_line' id='line_1_4' title="bbox 91 500 1104 578; baseline 0 -17"><span class='ocrx_word' id='word_1_23' title='bbox 91 502 295 578; x_wconf 79' lang='lat' dir='ltr'><strong>suspicionem</strong></span> <span class='ocrx_word' id='word_1_24' title='bbox 324 504 533 577; x_wconf 75' lang='lat' dir='ltr'>praeterquam</span> <span class='ocrx_word' id='word_1_25' title='bbox 562 500 659 560; x_wconf 91' lang='lat' dir='ltr'>obiter</span> <span class='ocrx_word' id='word_1_26' title='bbox 686 501 862 576; x_wconf 91' lang='lat' dir='ltr'>quibusdam</span> <span class='ocrx_word' id='word_1_27' title='bbox 890 503 1016 561; x_wconf 83' lang='lat' dir='ltr'>movisse</span> <span class='ocrx_word' id='word_1_28' title='bbox 1043 521 1104 561; x_wconf 89' lang='lat' dir='ltr'>non</span> 
     </span>
     <span class='ocr_line' id='line_1_5' title="bbox 90 588 1101 668; baseline 0 -19"><span class='ocrx_word' id='word_1_29' title='bbox 90 590 222 664; x_wconf 86' lang='lat' dir='ltr'>invenio,</span> <span class='ocrx_word' id='word_1_30' title='bbox 242 589 355 649; x_wconf 90' lang='lat' dir='ltr'>omittit</span> <span class='ocrx_word' id='word_1_31' title='bbox 369 588 443 647; x_wconf 89' lang='lat' dir='ltr'>adeo</span> <span class='ocrx_word' id='word_1_32' title='bbox 456 589 488 648; x_wconf 92' lang='lat' dir='ltr'>II</span> <span class='ocrx_word' id='word_1_33' title='bbox 503 591 566 649; x_wconf 82' lang='lat'>203</span> <span class='ocrx_word' id='word_1_34' title='bbox 583 592 655 649; x_wconf 80' lang='lat'><strong>204.</strong></span> <span class='ocrx_word' id='word_1_35' title='bbox 710 590 747 648; x_wconf 90' lang='lat' dir='ltr'>de</span> <span class='ocrx_word' id='word_1_36' title='bbox 761 590 982 668; x_wconf 88' lang='lat' dir='ltr'>Hamburgensi</span> <span class='ocrx_word' id='word_1_37' title='bbox 1001 595 1101 649; x_wconf 88' lang='lat' dir='ltr'>autom</span> 
     </span>
     <span class='ocr_line' id='line_1_6' title="bbox 91 673 658 738; baseline -0.004 0"><span class='ocrx_word' id='word_1_38' title='bbox 91 679 251 738; x_wconf 85' lang='lat' dir='ltr'>verissime</span> <span class='ocrx_word' id='word_1_39' title='bbox 275 680 447 738; x_wconf 83' lang='lat' dir='ltr'>contremo</span> <span class='ocrx_word' id='word_1_40' title='bbox 469 677 552 735; x_wconf 86' lang='lat' dir='ltr'>Korn</span> <span class='ocrx_word' id='word_1_41' title='bbox 575 673 658 736; x_wconf 91' lang='lat' dir='ltr'>dixit.</span> 
     </span>
    </p>

    <p class='ocr_par' dir='ltr' id='par_1_3' title="bbox 91 765 1104 1723">
     <span class='ocr_line' id='line_1_7' title="bbox 184 765 1101 843; baseline 0.001 -18"><span class='ocrx_word' id='word_1_42' title='bbox 184 767 264 826; x_wconf 88' lang='lat' dir='ltr'>Sunt</span> <span class='ocrx_word' id='word_1_43' title='bbox 280 767 311 824; x_wconf 93' lang='lat' dir='ltr'>in</span> <span class='ocrx_word' id='word_1_44' title='bbox 328 767 393 841; x_wconf 89' lang='lat' dir='ltr'>hoc,</span> <span class='ocrx_word' id='word_1_45' title='bbox 412 766 482 825; x_wconf 91' lang='lat' dir='ltr'>sunt</span> <span class='ocrx_word' id='word_1_46' title='bbox 499 765 528 823; x_wconf 92' lang='lat' dir='ltr'>in</span> <span class='ocrx_word' id='word_1_47' title='bbox 544 765 637 825; x_wconf 81' lang='lat' dir='ltr'>Ibidis</span> <span class='ocrx_word' id='word_1_48' title='bbox 656 769 687 826; x_wconf 90' lang='lat' dir='ltr'>et</span> <span class='ocrx_word' id='word_1_49' title='bbox 701 766 859 826; x_wconf 84' lang='lat' dir='ltr'>Fastorum</span> <span class='ocrx_word' id='word_1_50' title='bbox 873 766 958 826; x_wconf 90' lang='lat' dir='ltr'>libris</span> <span class='ocrx_word' id='word_1_51' title='bbox 974 767 1101 843; x_wconf 81' lang='lat' dir='ltr'>egregiis</span> 
     </span>
     <span class='ocr_line' id='line_1_8' title="bbox 91 853 1102 930; baseline 0.001 -18"><span class='ocrx_word' id='word_1_52' title='bbox 91 853 175 913; x_wconf 84' lang='lat' dir='ltr'>haud</span> <span class='ocrx_word' id='word_1_53' title='bbox 199 854 274 913; x_wconf 89' lang='lat' dir='ltr'>adeo</span> <span class='ocrx_word' id='word_1_54' title='bbox 296 871 400 930; x_wconf 86' lang='lat' dir='ltr'>pauca,</span> <span class='ocrx_word' id='word_1_55' title='bbox 423 871 499 929; x_wconf 89' lang='lat' dir='ltr'>quae</span> <span class='ocrx_word' id='word_1_56' title='bbox 517 855 606 928; x_wconf 84' lang='lat' dir='ltr'>paulo</span> <span class='ocrx_word' id='word_1_57' title='bbox 626 855 837 930; x_wconf 75' lang='lat' dir='ltr'>antiquiorum,</span> <span class='ocrx_word' id='word_1_58' title='bbox 860 854 886 913; x_wconf 90' lang='lat' dir='ltr'>si</span> <span class='ocrx_word' id='word_1_59' title='bbox 905 858 1102 930; x_wconf 80' lang='lat' dir='ltr'>superessent,</span> 
     </span>
     <span class='ocr_line' id='line_1_9' title="bbox 92 941 1100 1018; baseline 0.001 -17"><span class='ocrx_word' id='word_1_60' title='bbox 92 942 274 1002; x_wconf 83' lang='lat' dir='ltr'>auctoritate</span> <span class='ocrx_word' id='word_1_61' title='bbox 288 941 418 1018; x_wconf 80' lang='lat' dir='ltr'>expungi</span> <span class='ocrx_word' id='word_1_62' title='bbox 435 942 570 1016; x_wconf 89' lang='lat' dir='ltr'>potuisse</span> <span class='ocrx_word' id='word_1_63' title='bbox 584 942 634 1002; x_wconf 88' lang='lat' dir='ltr'>vix</span> <span class='ocrx_word' id='word_1_64' title='bbox 651 943 817 1018; x_wconf 79' lang='lat' dir='ltr'>negaveris,</span> <span class='ocrx_word' id='word_1_65' title='bbox 841 961 907 1002; x_wconf 88' lang='lat' dir='ltr'>cum</span> <span class='ocrx_word' id='word_1_66' title='bbox 926 943 1100 1002; x_wconf 88' lang='lat' dir='ltr'>confluxisse</span> 
     </span>
     <span class='ocr_line' id='line_1_10' title="bbox 91 1029 1101 1108; baseline 0 -19"><span class='ocrx_word' id='word_1_67' title='bbox 91 1048 203 1091; x_wconf 86' lang='lat' dir='ltr'>novem</span> <span class='ocrx_word' id='word_1_68' title='bbox 226 1031 413 1089; x_wconf 88' lang='lat' dir='ltr'>saeculorum</span> <span class='ocrx_word' id='word_1_69' title='bbox 436 1030 561 1088; x_wconf 88' lang='lat' dir='ltr'>decursu</span> <span class='ocrx_word' id='word_1_70' title='bbox 583 1030 615 1088; x_wconf 90' lang='lat' dir='ltr'>in</span> <span class='ocrx_word' id='word_1_71' title='bbox 633 1029 739 1089; x_wconf 82' lang='lat' dir='ltr'>decimi</span> <span class='ocrx_word' id='word_1_72' title='bbox 757 1030 849 1090; x_wconf 89' lang='lat' dir='ltr'>libros</span> <span class='ocrx_word' id='word_1_73' title='bbox 868 1049 961 1108; x_wconf 87' lang='lat' dir='ltr'>aeque</span> <span class='ocrx_word' id='word_1_74' title='bbox 981 1049 1101 1091; x_wconf 90' lang='lat' dir='ltr'>consen-</span> 
     </span>
     <span class='ocr_line' id='line_1_11' title="bbox 92 1118 1101 1194; baseline 0 -16"><span class='ocrx_word' id='word_1_75' title='bbox 92 1121 218 1178; x_wconf 84' lang='lat' dir='ltr'>taneum</span> <span class='ocrx_word' id='word_1_76' title='bbox 247 1118 298 1193; x_wconf 90' lang='lat' dir='ltr'>sit,</span> <span class='ocrx_word' id='word_1_77' title='bbox 326 1136 361 1178; x_wconf 83' lang='lat' dir='ltr'>ac</span> <span class='ocrx_word' id='word_1_78' title='bbox 387 1118 547 1178; x_wconf 90' lang='lat' dir='ltr'>verborum</span> <span class='ocrx_word' id='word_1_79' title='bbox 569 1118 813 1193; x_wconf 81' lang='lat' dir='ltr'>interpolationes</span> <span class='ocrx_word' id='word_1_80' title='bbox 841 1119 1001 1194; x_wconf 79' lang='lat' dir='ltr'>undecimi,</span> <span class='ocrx_word' id='word_1_81' title='bbox 1030 1120 1101 1178; x_wconf 93' lang='lat' dir='ltr'>duo·</span> 
     </span>
     <span class='ocr_line' id='line_1_12' title="bbox 92 1205 1103 1281; baseline 0.001 -17"><span class='ocrx_word' id='word_1_82' title='bbox 92 1206 201 1266; x_wconf 87' lang='lat' dir='ltr'>decimi</span> <span class='ocrx_word' id='word_1_83' title='bbox 217 1205 371 1280; x_wconf 78' lang='lat' dir='ltr'>coaluisse,</span> <span class='ocrx_word' id='word_1_84' title='bbox 389 1205 468 1281; x_wconf 92' lang='lat' dir='ltr'>quod</span> <span class='ocrx_word' id='word_1_85' title='bbox 483 1223 570 1281; x_wconf 85' lang='lat' dir='ltr'>saepe</span> <span class='ocrx_word' id='word_1_86' title='bbox 584 1206 694 1281; x_wconf 85' lang='lat' dir='ltr'>videas,</span> <span class='ocrx_word' id='word_1_87' title='bbox 713 1225 780 1265; x_wconf 92' lang='lat' dir='ltr'>oum</span> <span class='ocrx_word' id='word_1_88' title='bbox 794 1208 1005 1267; x_wconf 89' lang='lat' dir='ltr'>recentissimis</span> <span class='ocrx_word' id='word_1_89' title='bbox 1019 1208 1103 1267; x_wconf 84' lang='lat' dir='ltr'>tertii</span> 
     </span>
     <span class='ocr_line' id='line_1_13' title="bbox 91 1293 1104 1371; baseline 0 -17"><span class='ocrx_word' id='word_1_90' title='bbox 91 1296 141 1354; x_wconf 85' lang='lat' dir='ltr'>vel</span> <span class='ocrx_word' id='word_1_91' title='bbox 164 1293 405 1370; x_wconf 89' lang='lat' dir='ltr'>quartidecimi.</span> <span class='ocrx_word' id='word_1_92' title='bbox 458 1311 512 1353; x_wconf 89' lang='lat' dir='ltr'>neo</span> <span class='ocrx_word' id='word_1_93' title='bbox 531 1294 658 1353; x_wconf 90' lang='lat' dir='ltr'>multum</span> <span class='ocrx_word' id='word_1_94' title='bbox 682 1295 787 1368; x_wconf 86' lang='lat' dir='ltr'>refert,</span> <span class='ocrx_word' id='word_1_95' title='bbox 811 1296 915 1371; x_wconf 87' lang='lat' dir='ltr'>gravia</span> <span class='ocrx_word' id='word_1_96' title='bbox 933 1313 972 1352; x_wconf 82' lang='lat' dir='ltr'>un</span> <span class='ocrx_word' id='word_1_97' title='bbox 990 1296 1104 1354; x_wconf 84' lang='lat' dir='ltr'>leviora</span> 
     </span>
     <span class='ocr_line' id='line_1_14' title="bbox 91 1381 1103 1462; baseline 0.001 -21"><span class='ocrx_word' id='word_1_98' title='bbox 91 1383 124 1441; x_wconf 92' lang='lat' dir='ltr'>in</span> <span class='ocrx_word' id='word_1_99' title='bbox 145 1383 261 1443; x_wconf 86' lang='lat' dir='ltr'>talibus</span> <span class='ocrx_word' id='word_1_100' title='bbox 284 1383 448 1462; x_wconf 79' lang='lat' dir='ltr'>culpemus,</span> <span class='ocrx_word' id='word_1_101' title='bbox 476 1401 543 1442; x_wconf 88' lang='lat' dir='ltr'>oum</span> <span class='ocrx_word' id='word_1_102' title='bbox 565 1382 687 1457; x_wconf 85' lang='lat' dir='ltr'>perinde</span> <span class='ocrx_word' id='word_1_103' title='bbox 710 1381 852 1440; x_wconf 91' lang='lat' dir='ltr'>miserum</span> <span class='ocrx_word' id='word_1_104' title='bbox 875 1382 927 1455; x_wconf 90' lang='lat' dir='ltr'>sit,</span> <span class='ocrx_word' id='word_1_105' title='bbox 959 1382 1103 1456; x_wconf 85' lang='lat' dir='ltr'>pessimos</span> 
     </span>
     <span class='ocr_line' id='line_1_15' title="bbox 92 1469 1102 1545; baseline 0 -16"><span class='ocrx_word' id='word_1_106' title='bbox 92 1473 146 1530; x_wconf 88' lang='lat' dir='ltr'>aut</span> <span class='ocrx_word' id='word_1_107' title='bbox 173 1469 338 1530; x_wconf 88' lang='lat' dir='ltr'>mediocres</span> <span class='ocrx_word' id='word_1_108' title='bbox 364 1487 468 1529; x_wconf 85' lang='lat' dir='ltr'>versus</span> <span class='ocrx_word' id='word_1_109' title='bbox 491 1471 522 1528; x_wconf 92' lang='lat' dir='ltr'>in</span> <span class='ocrx_word' id='word_1_110' title='bbox 544 1473 634 1545; x_wconf 87' lang='lat' dir='ltr'>poeta</span> <span class='ocrx_word' id='word_1_111' title='bbox 655 1469 784 1545; x_wconf 89' lang='lat' dir='ltr'>relinqui</span> <span class='ocrx_word' id='word_1_112' title='bbox 806 1471 869 1530; x_wconf 87' lang='lat' dir='ltr'>sols</span> <span class='ocrx_word' id='word_1_113' title='bbox 891 1470 1014 1528; x_wconf 91' lang='lat' dir='ltr'>testium</span> <span class='ocrx_word' id='word_1_114' title='bbox 1036 1470 1102 1529; x_wconf 88' lang='lat' dir='ltr'>red·</span> 
     </span>
     <span class='ocr_line' id='line_1_16' title="bbox 92 1557 1104 1635; baseline 0.001 -18"><span class='ocrx_word' id='word_1_115' title='bbox 92 1557 432 1635; x_wconf 87' lang='lat' dir='ltr'>arguentiumpenuria.</span> <span class='ocrx_word' id='word_1_116' title='bbox 482 1561 623 1634; x_wconf 89' lang='lat' dir='ltr'>poterant</span> <span class='ocrx_word' id='word_1_117' title='bbox 634 1558 785 1617; x_wconf 90' lang='lat' dir='ltr'>interdum</span> <span class='ocrx_word' id='word_1_118' title='bbox 793 1558 866 1617; x_wconf 87' lang='lat' dir='ltr'>adeo</span> <span class='ocrx_word' id='word_1_119' title='bbox 874 1559 990 1618; x_wconf 88' lang='lat' dir='ltr'>utiliter</span> <span class='ocrx_word' id='word_1_120' title='bbox 1004 1578 1104 1618; x_wconf 88' lang='lat' dir='ltr'>aman·</span> 
     </span>
     <span class='ocr_line' id='line_1_17' title="bbox 92 1645 811 1723; baseline 0.001 -18"><span class='ocrx_word' id='word_1_121' title='bbox 92 1647 170 1723; x_wconf 81' lang='lat' dir='ltr'>dari,</span> <span class='ocrx_word' id='word_1_122' title='bbox 195 1646 270 1723; x_wconf 76' lang='lat' dir='ltr'>qudo</span> <span class='ocrx_word' id='word_1_123' title='bbox 293 1647 470 1721; x_wconf 89' lang='lat' dir='ltr'>placuerunt</span> <span class='ocrx_word' id='word_1_124' title='bbox 492 1649 546 1705; x_wconf 90' lang='lat' dir='ltr'>aut</span> <span class='ocrx_word' id='word_1_125' title='bbox 568 1645 664 1705; x_wconf 86' lang='lat' dir='ltr'>adhuc</span> <span class='ocrx_word' id='word_1_126' title='bbox 685 1647 811 1721; x_wconf 87' lang='lat' dir='ltr'>placent.</span> 
     </span>
    </p>

    <p class='ocr_par' dir='ltr' id='par_1_4' title="bbox 58 1732 1138 3570">
     <span class='ocr_line' id='line_1_18' title="bbox 187 1732 1103 1812; baseline 0.001 -20"><span class='ocrx_word' id='word_1_127' title='bbox 187 1733 247 1792; x_wconf 92' lang='lat' dir='ltr'>Diu</span> <span class='ocrx_word' id='word_1_128' title='bbox 270 1735 317 1793; x_wconf 90' lang='lat' dir='ltr'>est</span> <span class='ocrx_word' id='word_1_129' title='bbox 340 1752 375 1793; x_wconf 89' lang='lat' dir='ltr'>ex</span> <span class='ocrx_word' id='word_1_130' title='bbox 397 1753 456 1809; x_wconf 90' lang='lat' dir='ltr'>quo</span> <span class='ocrx_word' id='word_1_131' title='bbox 479 1732 516 1793; x_wconf 88' lang='lat' dir='ltr'>de</span> <span class='ocrx_word' id='word_1_132' title='bbox 538 1734 594 1793; x_wconf 92' lang='lat' dir='ltr'>hoo</span> <span class='ocrx_word' id='word_1_133' title='bbox 612 1753 720 1812; x_wconf 89' lang='lat' dir='ltr'>genere</span> <span class='ocrx_word' id='word_1_134' title='bbox 740 1734 810 1793; x_wconf 89' lang='lat' dir='ltr'>data</span> <span class='ocrx_word' id='word_1_135' title='bbox 829 1753 918 1811; x_wconf 87' lang='lat' dir='ltr'>opera</span> <span class='ocrx_word' id='word_1_136' title='bbox 937 1735 1103 1811; x_wconf 88' lang='lat' dir='ltr'>dispectum</span> 
     </span>
     <span class='ocr_line' id='line_1_19' title="bbox 90 1821 1103 1897; baseline 0.002 -17"><span class='ocrx_word' id='word_1_137' title='bbox 90 1841 153 1881; x_wconf 91' lang='lat' dir='ltr'>uon</span> <span class='ocrx_word' id='word_1_138' title='bbox 173 1826 227 1881; x_wconf 90' lang='lat' dir='ltr'>est.</span> <span class='ocrx_word' id='word_1_139' title='bbox 280 1821 346 1882; x_wconf 86' lang='lat' dir='ltr'>Nic.</span> <span class='ocrx_word' id='word_1_140' title='bbox 364 1821 514 1897; x_wconf 89' lang='lat' dir='ltr'>Heinsius,</span> <span class='ocrx_word' id='word_1_141' title='bbox 532 1822 702 1881; x_wconf 85' lang='lat' dir='ltr'>venerabile</span> <span class='ocrx_word' id='word_1_142' title='bbox 720 1841 836 1897; x_wconf 90' lang='lat' dir='ltr'>nomen,</span> <span class='ocrx_word' id='word_1_143' title='bbox 854 1826 959 1882; x_wconf 91' lang='lat' dir='ltr'>notare</span> <span class='ocrx_word' id='word_1_144' title='bbox 978 1824 1103 1897; x_wconf 88' lang='lat' dir='ltr'>solebat,</span> 
     </span>
     <span class='ocr_line' id='line_1_20' title="bbox 90 1909 1103 1987; baseline -0.002 -17"><span class='ocrx_word' id='word_1_145' title='bbox 90 1909 240 1987; x_wconf 89' lang='lat' dir='ltr'>quidquid</span> <span class='ocrx_word' id='word_1_146' title='bbox 266 1910 394 1969; x_wconf 91' lang='lat' dir='ltr'>colorem</span> <span class='ocrx_word' id='word_1_147' title='bbox 417 1909 607 1986; x_wconf 74' lang='lat' dir='ltr'>Ouidianum,</span> <span class='ocrx_word' id='word_1_148' title='bbox 635 1911 713 1985; x_wconf 93' lang='lat' dir='ltr'>quod</span> <span class='ocrx_word' id='word_1_149' title='bbox 740 1911 851 1985; x_wconf 87' lang='lat' dir='ltr'>aiebat,</span> <span class='ocrx_word' id='word_1_150' title='bbox 879 1929 939 1969; x_wconf 90' lang='lat' dir='ltr'>non</span> <span class='ocrx_word' id='word_1_151' title='bbox 965 1912 1103 1986; x_wconf 87' lang='lat' dir='ltr'>haberet;</span> 
     </span>
     <span class='ocr_line' id='line_1_21' title="bbox 91 1994 1103 2074; baseline -0.001 -16"><span class='ocrx_word' id='word_1_152' title='bbox 91 1999 148 2058; x_wconf 89' lang='lat' dir='ltr'>sed</span> <span class='ocrx_word' id='word_1_153' title='bbox 173 1998 209 2056; x_wconf 93' lang='lat' dir='ltr'>de</span> <span class='ocrx_word' id='word_1_154' title='bbox 232 2016 266 2056; x_wconf 88' lang='lat' dir='ltr'>eo</span> <span class='ocrx_word' id='word_1_155' title='bbox 290 1999 387 2057; x_wconf 89' lang='lat' dir='ltr'>colore</span> <span class='ocrx_word' id='word_1_156' title='bbox 409 1998 561 2058; x_wconf 89' lang='lat' dir='ltr'>remissius</span> <span class='ocrx_word' id='word_1_157' title='bbox 584 1999 673 2073; x_wconf 87' lang='lat' dir='ltr'>paulo</span> <span class='ocrx_word' id='word_1_158' title='bbox 696 2002 727 2057; x_wconf 92' lang='lat' dir='ltr'>et</span> <span class='ocrx_word' id='word_1_159' title='bbox 745 1994 918 2058; x_wconf 79' lang='lat' dir='ltr'>clementius</span> <span class='ocrx_word' id='word_1_160' title='bbox 943 1999 1103 2074; x_wconf 86' lang='lat' dir='ltr'>statuebat,</span> 
     </span>
     <span class='ocr_line' id='line_1_22' title="bbox 58 2085 1105 2163; baseline 0 -18"><span class='ocrx_word' id='word_1_161' title='bbox 58 2155 62 2162; x_wconf 30' lang='lat'>¹</span> <span class='ocrx_word' id='word_1_162' title='bbox 91 2085 272 2163; x_wconf 86' lang='lat' dir='ltr'>argutiolae,</span> <span class='ocrx_word' id='word_1_163' title='bbox 291 2086 485 2162; x_wconf 82' lang='lat' dir='ltr'>calamistros,</span> <span class='ocrx_word' id='word_1_164' title='bbox 504 2086 617 2145; x_wconf 89' lang='lat' dir='ltr'>ludicra</span> <span class='ocrx_word' id='word_1_165' title='bbox 634 2087 838 2161; x_wconf 88' lang='lat' dir='ltr'>insipientium</span> <span class='ocrx_word' id='word_1_166' title='bbox 856 2087 1105 2161; x_wconf 87' lang='lat' dir='ltr'>interpolatorum</span> 
     </span>
     <span class='ocr_line' id='line_1_23' title="bbox 89 2173 1102 2249; baseline -0.003 -15"><span class='ocrx_word' id='word_1_167' title='bbox 89 2173 247 2234; x_wconf 89' lang='lat' dir='ltr'>interdum</span> <span class='ocrx_word' id='word_1_168' title='bbox 264 2177 368 2233; x_wconf 88' lang='lat' dir='ltr'>contra</span> <span class='ocrx_word' id='word_1_169' title='bbox 385 2174 481 2249; x_wconf 89' lang='lat' dir='ltr'>ipsam</span> <span class='ocrx_word' id='word_1_170' title='bbox 494 2174 639 2233; x_wconf 89' lang='lat' dir='ltr'>bonorum</span> <span class='ocrx_word' id='word_1_171' title='bbox 652 2175 797 2234; x_wconf 90' lang='lat' dir='ltr'>librorum</span> <span class='ocrx_word' id='word_1_172' title='bbox 811 2173 899 2232; x_wconf 90' lang='lat' dir='ltr'>fidem</span> <span class='ocrx_word' id='word_1_173' title='bbox 913 2175 1102 2232; x_wconf 84' lang='lat' dir='ltr'>admittebat:</span> 
     </span>
     <span class='ocr_line' id='line_1_24' title="bbox 93 2262 1104 2338; baseline -0.002 -17"><span class='ocrx_word' id='word_1_174' title='bbox 93 2265 130 2321; x_wconf 90' lang='lat' dir='ltr'>ut</span> <span class='ocrx_word' id='word_1_175' title='bbox 155 2262 265 2321; x_wconf 90' lang='lat' dir='ltr'>mirum</span> <span class='ocrx_word' id='word_1_176' title='bbox 287 2280 348 2320; x_wconf 93' lang='lat' dir='ltr'>non</span> <span class='ocrx_word' id='word_1_177' title='bbox 371 2262 418 2337; x_wconf 91' lang='lat' dir='ltr'>sit,</span> <span class='ocrx_word' id='word_1_178' title='bbox 442 2262 468 2320; x_wconf 90' lang='lat' dir='ltr'>si</span> <span class='ocrx_word' id='word_1_179' title='bbox 490 2280 566 2338; x_wconf 88' lang='lat' dir='ltr'>quae</span> <span class='ocrx_word' id='word_1_180' title='bbox 588 2263 626 2321; x_wconf 88' lang='lat' dir='ltr'>ab</span> <span class='ocrx_word' id='word_1_181' title='bbox 646 2263 775 2337; x_wconf 88' lang='lat' dir='ltr'>antiquis</span> <span class='ocrx_word' id='word_1_182' title='bbox 795 2262 939 2337; x_wconf 85' lang='lat' dir='ltr'>deposta</span> <span class='ocrx_word' id='word_1_183' title='bbox 958 2262 1104 2321; x_wconf 86' lang='lat' dir='ltr'>suavitia</span> 
     </span>
     <span class='ocr_line' id='line_1_25' title="bbox 91 2349 1104 2427; baseline -0.002 -17"><span class='ocrx_word' id='word_1_184' title='bbox 91 2353 217 2410; x_wconf 83' lang='lat' dir='ltr'>amante</span> <span class='ocrx_word' id='word_1_185' title='bbox 245 2350 378 2427; x_wconf 83' lang='lat' dir='ltr'>graviter</span> <span class='ocrx_word' id='word_1_186' title='bbox 400 2353 432 2408; x_wconf 91' lang='lat' dir='ltr'>et</span> <span class='ocrx_word' id='word_1_187' title='bbox 454 2350 581 2409; x_wconf 88' lang='lat' dir='ltr'>soienter</span> <span class='ocrx_word' id='word_1_188' title='bbox 603 2350 761 2409; x_wconf 86' lang='lat' dir='ltr'>observata</span> <span class='ocrx_word' id='word_1_189' title='bbox 785 2353 866 2424; x_wconf 92' lang='lat' dir='ltr'>sunt,</span> <span class='ocrx_word' id='word_1_190' title='bbox 894 2349 1104 2408; x_wconf 87' lang='lat' dir='ltr'>recrudescunt</span> 
     </span>
     <span class='ocr_line' id='line_1_26' title="bbox 91 2437 1104 2514; baseline -0.004 -15"><span class='ocrx_word' id='word_1_191' title='bbox 91 2438 185 2499; x_wconf 85' lang='lat' dir='ltr'>hodie</span> <span class='ocrx_word' id='word_1_192' title='bbox 211 2438 311 2514; x_wconf 91' lang='lat' dir='ltr'>inique</span> <span class='ocrx_word' id='word_1_193' title='bbox 344 2440 375 2496; x_wconf 90' lang='lat' dir='ltr'>et</span> <span class='ocrx_word' id='word_1_194' title='bbox 401 2441 548 2513; x_wconf 86' lang='lat' dir='ltr'>proterve.</span> <span class='ocrx_word' id='word_1_195' title='bbox 602 2437 756 2496; x_wconf 87' lang='lat' dir='ltr'>Bentleius</span> <span class='ocrx_word' id='word_1_196' title='bbox 787 2437 936 2494; x_wconf 85' lang='lat' dir='ltr'>modicum</span> <span class='ocrx_word' id='word_1_197' title='bbox 962 2455 1104 2495; x_wconf 85' lang='lat' dir='ltr'>versuum</span> 
     </span>
     <span class='ocr_line' id='line_1_27' title="bbox 91 2525 1103 2602; baseline -0.002 -17"><span class='ocrx_word' id='word_1_198' title='bbox 91 2544 266 2601; x_wconf 91' lang='lat' dir='ltr'>numerum,</span> <span class='ocrx_word' id='word_1_199' title='bbox 295 2525 453 2584; x_wconf 87' lang='lat' dir='ltr'>admodum</span> <span class='ocrx_word' id='word_1_200' title='bbox 482 2544 593 2602; x_wconf 83' lang='lat' dir='ltr'>ccxxx,</span> <span class='ocrx_word' id='word_1_201' title='bbox 620 2525 809 2601; x_wconf 86' lang='lat' dir='ltr'>proscripsit,</span> <span class='ocrx_word' id='word_1_202' title='bbox 837 2540 941 2582; x_wconf 87' lang='lat' dir='ltr'>causes</span> <span class='ocrx_word' id='word_1_203' title='bbox 968 2541 1028 2582; x_wconf 91' lang='lat' dir='ltr'>non</span> <span class='ocrx_word' id='word_1_204' title='bbox 1056 2542 1103 2583; x_wconf 90' lang='lat' dir='ltr'>ex·</span> 
     </span>
     <span class='ocr_line' id='line_1_28' title="bbox 91 2611 1106 2691; baseline -0.001 -17"><span class='ocrx_word' id='word_1_205' title='bbox 91 2615 205 2691; x_wconf 88' lang='lat' dir='ltr'>posuit.</span> <span class='ocrx_word' id='word_1_206' title='bbox 257 2613 330 2673; x_wconf 84' lang='lat' dir='ltr'>fecit</span> <span class='ocrx_word' id='word_1_207' title='bbox 364 2613 420 2673; x_wconf 91' lang='lat' dir='ltr'>hoc</span> <span class='ocrx_word' id='word_1_208' title='bbox 452 2614 560 2689; x_wconf 87' lang='lat' dir='ltr'>ubique</span> <span class='ocrx_word' id='word_1_209' title='bbox 592 2614 634 2674; x_wconf 88' lang='lat' dir='ltr'>Io.</span> <span class='ocrx_word' id='word_1_210' title='bbox 668 2611 861 2686; x_wconf 80' lang='lat' dir='ltr'>Schraderus,</span> <span class='ocrx_word' id='word_1_211' title='bbox 899 2612 1042 2672; x_wconf 86' lang='lat' dir='ltr'>sermonis</span> <span class='ocrx_word' id='word_1_212' title='bbox 1075 2617 1106 2673; x_wconf 89' lang='lat' dir='ltr'>et</span> 
     </span>
     <span class='ocr_line' id='line_1_29' title="bbox 93 2700 1104 2779; baseline -0.003 -17"><span class='ocrx_word' id='word_1_213' title='bbox 93 2702 315 2762; x_wconf 62' lang='lat' dir='ltr'>sententiatum</span> <span class='ocrx_word' id='word_1_214' title='bbox 337 2701 559 2761; x_wconf 85' lang='lat' dir='ltr'>convenientiae</span> <span class='ocrx_word' id='word_1_215' title='bbox 577 2701 740 2779; x_wconf 88' lang='lat' dir='ltr'>castigator</span> <span class='ocrx_word' id='word_1_216' title='bbox 758 2700 972 2777; x_wconf 86' lang='lat' dir='ltr'>exactissimus,</span> <span class='ocrx_word' id='word_1_217' title='bbox 995 2702 1043 2761; x_wconf 85' lang='lat' dir='ltr'>vir</span> <span class='ocrx_word' id='word_1_218' title='bbox 1059 2702 1104 2760; x_wconf 90' lang='lat' dir='ltr'>in·</span> 
     </span>
     <span class='ocr_line' id='line_1_30' title="bbox 92 2789 1104 2868; baseline 0.001 -20"><span class='ocrx_word' id='word_1_219' title='bbox 92 2790 247 2868; x_wconf 88' lang='lat' dir='ltr'>geniosus,</span> <span class='ocrx_word' id='word_1_220' title='bbox 265 2790 297 2848; x_wconf 91' lang='lat' dir='ltr'>in</span> <span class='ocrx_word' id='word_1_221' title='bbox 314 2789 577 2849; x_wconf 81' lang='lat' dir='ltr'>Emendationibus</span> <span class='ocrx_word' id='word_1_222' title='bbox 597 2793 628 2849; x_wconf 88' lang='lat' dir='ltr'>ot</span> <span class='ocrx_word' id='word_1_223' title='bbox 646 2790 760 2849; x_wconf 87' lang='lat' dir='ltr'>schedis</span> <span class='ocrx_word' id='word_1_224' title='bbox 778 2789 912 2849; x_wconf 90' lang='lat' dir='ltr'>ineditis:</span> <span class='ocrx_word' id='word_1_225' title='bbox 936 2790 989 2850; x_wconf 90' lang='lat' dir='ltr'>sed</span> <span class='ocrx_word' id='word_1_226' title='bbox 1006 2790 1104 2849; x_wconf 86' lang='lat' dir='ltr'>neseio</span> 
     </span>
     <span class='ocr_line' id='line_1_31' title="bbox 91 2877 1105 2956; baseline -0.002 -18"><span class='ocrx_word' id='word_1_227' title='bbox 91 2897 157 2956; x_wconf 91' lang='lat' dir='ltr'>quo</span> <span class='ocrx_word' id='word_1_228' title='bbox 178 2878 243 2937; x_wconf 84' lang='lat' dir='ltr'>fato</span> <span class='ocrx_word' id='word_1_229' title='bbox 266 2895 355 2953; x_wconf 86' lang='lat' dir='ltr'>quam</span> <span class='ocrx_word' id='word_1_230' title='bbox 381 2877 505 2954; x_wconf 90' lang='lat' dir='ltr'>meruit,</span> <span class='ocrx_word' id='word_1_231' title='bbox 534 2877 621 2937; x_wconf 87' lang='lat' dir='ltr'>laude</span> <span class='ocrx_word' id='word_1_232' title='bbox 645 2877 801 2937; x_wconf 88' lang='lat' dir='ltr'>fraudatus</span> <span class='ocrx_word' id='word_1_233' title='bbox 824 2883 882 2954; x_wconf 89' lang='lat' dir='ltr'>est,</span> <span class='ocrx_word' id='word_1_234' title='bbox 910 2878 984 2939; x_wconf 93' lang='lat' dir='ltr'>adeo</span> <span class='ocrx_word' id='word_1_235' title='bbox 1012 2883 1046 2937; x_wconf 92' lang='lat' dir='ltr'>ut</span> <span class='ocrx_word' id='word_1_236' title='bbox 1069 2878 1105 2936; x_wconf 91' lang='lat' dir='ltr'>de</span> 
     </span>
     <span class='ocr_line' id='line_1_32' title="bbox 92 2965 1105 3043; baseline -0.002 -18"><span class='ocrx_word' id='word_1_237' title='bbox 92 2965 248 3025; x_wconf 83' lang='lat' dir='ltr'>Tristibus</span> <span class='ocrx_word' id='word_1_238' title='bbox 272 2968 304 3024; x_wconf 87' lang='lat' dir='ltr'>et</span> <span class='ocrx_word' id='word_1_239' title='bbox 317 2965 401 3024; x_wconf 90' lang='lat' dir='ltr'>Ibide</span> <span class='ocrx_word' id='word_1_240' title='bbox 420 2984 496 3040; x_wconf 88' lang='lat' dir='ltr'>quae</span> <span class='ocrx_word' id='word_1_241' title='bbox 513 2966 678 3041; x_wconf 89' lang='lat' dir='ltr'>publicavit</span> <span class='ocrx_word' id='word_1_242' title='bbox 694 2967 744 3026; x_wconf 84' lang='lat' dir='ltr'>vel</span> <span class='ocrx_word' id='word_1_243' title='bbox 762 2967 857 3043; x_wconf 89' lang='lat' dir='ltr'>hodie,</span> <span class='ocrx_word' id='word_1_244' title='bbox 880 2970 963 3042; x_wconf 91' lang='lat' dir='ltr'>puto,</span> <span class='ocrx_word' id='word_1_245' title='bbox 985 2966 1105 3040; x_wconf 89' lang='lat' dir='ltr'>insuper</span> 
     </span>
     <span class='ocr_line' id='line_1_33' title="bbox 91 3053 1102 3131; baseline -0.001 -18"><span class='ocrx_word' id='word_1_246' title='bbox 91 3055 272 3114; x_wconf 89' lang='lat' dir='ltr'>habeantur.</span> <span class='ocrx_word' id='word_1_247' title='bbox 326 3056 396 3129; x_wconf 86' lang='lat' dir='ltr'>post</span> <span class='ocrx_word' id='word_1_248' title='bbox 421 3053 512 3128; x_wconf 91' lang='lat' dir='ltr'>huuc,</span> <span class='ocrx_word' id='word_1_249' title='bbox 539 3055 591 3129; x_wconf 91' lang='lat' dir='ltr'>qui</span> <span class='ocrx_word' id='word_1_250' title='bbox 619 3054 693 3114; x_wconf 91' lang='lat' dir='ltr'>obiit</span> <span class='ocrx_word' id='word_1_251' title='bbox 720 3058 790 3114; x_wconf 90' lang='lat' dir='ltr'>ante</span> <span class='ocrx_word' id='word_1_252' title='bbox 816 3056 897 3131; x_wconf 89' lang='lat' dir='ltr'>ipsos</span> <span class='ocrx_word' id='word_1_253' title='bbox 921 3070 1014 3112; x_wconf 87' lang='lat' dir='ltr'>annos</span> <span class='ocrx_word' id='word_1_254' title='bbox 1036 3071 1102 3112; x_wconf 87' lang='lat' dir='ltr'>cen·</span> 
     </span>
     <span class='ocr_line' id='line_1_34' title="bbox 91 3139 1105 3218; baseline -0.002 -16"><span class='ocrx_word' id='word_1_255' title='bbox 91 3147 178 3218; x_wconf 88' lang='lat' dir='ltr'>tum,</span> <span class='ocrx_word' id='word_1_256' title='bbox 205 3146 237 3201; x_wconf 91' lang='lat' dir='ltr'>et</span> <span class='ocrx_word' id='word_1_257' title='bbox 263 3141 470 3218; x_wconf 86' lang='lat' dir='ltr'>paucissimos,</span> <span class='ocrx_word' id='word_1_258' title='bbox 499 3141 550 3216; x_wconf 91' lang='lat' dir='ltr'>qui</span> <span class='ocrx_word' id='word_1_259' title='bbox 576 3142 706 3218; x_wconf 85' lang='lat' dir='ltr'>vestigia</span> <span class='ocrx_word' id='word_1_260' title='bbox 732 3143 917 3218; x_wconf 90' lang='lat' dir='ltr'>presserunt,</span> <span class='ocrx_word' id='word_1_261' title='bbox 947 3139 1041 3199; x_wconf 90' lang='lat' dir='ltr'>omnis</span> <span class='ocrx_word' id='word_1_262' title='bbox 1071 3160 1105 3209; x_wconf 86' lang='lat' dir='ltr'>ea</span> 
     </span>
     <span class='ocr_line' id='line_1_35' title="bbox 91 3221 1138 3309; baseline -0.001 -21"><span class='ocrx_word' id='word_1_263' title='bbox 91 3230 232 3309; x_wconf 87' lang='lat' dir='ltr'>quaestio</span> <span class='ocrx_word' id='word_1_264' title='bbox 256 3230 401 3308; x_wconf 88' lang='lat' dir='ltr'>elanguit,</span> <span class='ocrx_word' id='word_1_265' title='bbox 424 3227 517 3289; x_wconf 87' lang='lat' dir='ltr'>donec</span> <span class='ocrx_word' id='word_1_266' title='bbox 537 3230 696 3290; x_wconf 86' lang='lat' dir='ltr'>novissime</span> <span class='ocrx_word' id='word_1_267' title='bbox 720 3231 905 3305; x_wconf 87' lang='lat' dir='ltr'>aliquantum</span> <span class='ocrx_word' id='word_1_268' title='bbox 928 3230 1105 3289; x_wconf 86' lang='lat' dir='ltr'>resuscitata</span> <span class='ocrx_word' id='word_1_269' title='bbox 1135 3221 1138 3228; x_wconf 81' lang='grc'><strong>’</strong></span> 
     </span>
     <span class='ocr_line' id='line_1_36' title="bbox 92 3316 1105 3393; baseline -0.003 -15"><span class='ocrx_word' id='word_1_270' title='bbox 92 3319 158 3392; x_wconf 89' lang='lat' dir='ltr'>est,</span> <span class='ocrx_word' id='word_1_271' title='bbox 185 3317 274 3393; x_wconf 92' lang='lat' dir='ltr'>idque</span> <span class='ocrx_word' id='word_1_272' title='bbox 301 3317 446 3377; x_wconf 89' lang='lat' dir='ltr'>bifariam.</span> <span class='ocrx_word' id='word_1_273' title='bbox 502 3334 570 3376; x_wconf 86' lang='lat' dir='ltr'>eum</span> <span class='ocrx_word' id='word_1_274' title='bbox 597 3338 612 3377; x_wconf 87' lang='lat' dir='ltr'>e</span> <span class='ocrx_word' id='word_1_275' title='bbox 639 3317 785 3375; x_wconf 89' lang='lat' dir='ltr'>librorum</span> <span class='ocrx_word' id='word_1_276' title='bbox 817 3316 997 3391; x_wconf 90' lang='lat' dir='ltr'>optimorum</span> <span class='ocrx_word' id='word_1_277' title='bbox 1027 3337 1105 3392; x_wconf 90' lang='lat' dir='ltr'>penu</span> 
     </span>
     <span class='ocr_line' id='line_1_37' title="bbox 91 3403 1105 3482; baseline -0.003 -17"><span class='ocrx_word' id='word_1_278' title='bbox 91 3424 159 3465; x_wconf 91' lang='lat' dir='ltr'>non</span> <span class='ocrx_word' id='word_1_279' title='bbox 180 3406 264 3465; x_wconf 88' lang='lat' dir='ltr'>nulla</span> <span class='ocrx_word' id='word_1_280' title='bbox 285 3408 391 3482; x_wconf 86' lang='lat' dir='ltr'>poetae</span> <span class='ocrx_word' id='word_1_281' title='bbox 409 3405 581 3465; x_wconf 86' lang='lat' dir='ltr'>nervosiora</span> <span class='ocrx_word' id='word_1_282' title='bbox 600 3407 632 3463; x_wconf 90' lang='lat' dir='ltr'>et</span> <span class='ocrx_word' id='word_1_283' title='bbox 650 3403 814 3479; x_wconf 84' lang='lat' dir='ltr'>signatiora</span> <span class='ocrx_word' id='word_1_284' title='bbox 833 3405 1009 3479; x_wconf 81' lang='lat' dir='ltr'>deprompta</span> <span class='ocrx_word' id='word_1_285' title='bbox 1028 3407 1105 3477; x_wconf 88' lang='lat' dir='ltr'>sunt,</span> 
     </span>
     <span class='ocr_line' id='line_1_38' title="bbox 91 3486 1106 3570; baseline -0.007 -16"><span class='ocrx_word' id='word_1_286' title='bbox 91 3495 131 3554; x_wconf 88' lang='lat' dir='ltr'>id</span> <span class='ocrx_word' id='word_1_287' title='bbox 153 3511 269 3569; x_wconf 89' lang='lat' dir='ltr'>quoque</span> <span class='ocrx_word' id='word_1_288' title='bbox 287 3497 466 3570; x_wconf 88' lang='lat' dir='ltr'>temptatum</span> <span class='ocrx_word' id='word_1_289' title='bbox 485 3497 540 3568; x_wconf 91' lang='lat' dir='ltr'>est,</span> <span class='ocrx_word' id='word_1_290' title='bbox 564 3496 599 3551; x_wconf 92' lang='lat' dir='ltr'>ut</span> <span class='ocrx_word' id='word_1_291' title='bbox 616 3486 795 3565; x_wconf 84' lang='lat' dir='ltr'>comparatis</span> <span class='ocrx_word' id='word_1_292' title='bbox 815 3491 893 3551; x_wconf 90' lang='lat' dir='ltr'>inter</span> <span class='ocrx_word' id='word_1_293' title='bbox 912 3510 944 3551; x_wconf 88' lang='lat' dir='ltr'>se</span> <span class='ocrx_word' id='word_1_294' title='bbox 963 3509 1038 3565; x_wconf 92' lang='lat' dir='ltr'>quae</span> <span class='ocrx_word' id='word_1_295' title='bbox 1056 3491 1106 3549; x_wconf 84' lang='lat' dir='ltr'>vel</span> 
     </span>
    </p>
   </div>
   <div class='ocr_carea' id='block_1_3' title="bbox 0 0 1201 3892">
    <p class='ocr_par' dir='ltr' id='par_1_5' title="bbox 0 0 1201 3892">
     <span class='ocr_line' id='line_1_39' title="bbox 0 0 1201 3892; baseline 0 0"><span class='ocrx_word' id='word_1_296' title='bbox 0 0 1201 3892; x_wconf 95' lang='lat' dir='ltr'> </span> 
     </span>
    </p>
   </div>
  </div>
 </body>
</html>
