2386 3892
455 149 504 200 111.
523 152 680 203 111-111.
1008 151 1068 215 167

104 327 138 376 10
200 314 304 374 Ultima
327 331 395 392 pars
418 313 627 386 auimaedum
650 313 722 374 mihi
745 322 858 395 restat,
882 316 970 377 ades.

155 401 298 480 Quodque
322 420 376 479 ego
394 409 600 479 praestarem,
624 404 650 462 si
673 410 702 462 te
722 405 814 480 magis
837 406 900 482 ipse
925 403 1068 483 valerem,

198 488 229 548 Id
252 491 324 550 milri
337 535 345 568 ,
369 508 437 549 cum
460 488 556 549 valeas
579 489 686 550 fortius
709 492 795 572 ipsa,
818 492 913 551 refer.

152 577 250 654 Exigit
272 579 328 642 hoc
352 577 468 637 socialis
492 595 574 637 amor
597 577 761 656 foedusque
784 582 942 642 maritum:

196 665 328 725 Moribus
351 666 429 747 hoo,
453 668 604 745 coniunx,
627 668 720 742 exigis
742 668 807 744 ipsa
829 669 910 729 tuis.

104 767 137 815 ‘15
153 754 215 813 Hoc
239 753 338 814 domui
361 753 474 832 debes,
498 754 534 814 de
559 771 616 831 qua
635 757 789 833 censeris,
813 763 847 814 ut
868 754 946 816 iilam

196 842 261 902 Non
284 845 376 920 magis
400 843 505 901 officiis
529 859 617 920 quam
640 842 786 921 probitate
810 842 906 903 colas.

154 930 265 990 Cuncta
288 929 358 990 licet
381 931 493 1008 faciae,
516 932 573 990 nisi
597 932 656 990 eris
679 929 833 991 laudabilis
856 921 948 1011 uxor,

197 1018 260 1077 Non
284 1020 394 1097 poterit
417 1017 499 1078 credi
522 1018 629 1078 Marcia
653 1018 730 1079 culta
755 1019 825 1081 tibi.

151 1106 211 1166 Nec
235 1124 338 1167 sumus
361 1106 490 1183 indigni:
524 1124 602 1185 nec,
625 1109 651 1166 si
675 1109 717 1167 vis
741 1125 810 1169 vera
833 1109 935 1187 fateri,

105 1207 139 1254 80
197 1194 328 1254 Debetur
351 1196 464 1254 meritis
488 1196 580 1271 gratia
604 1194 682 1270 nulla
706 1197 798 1255 meis.

152 1281 295 1342 Redditur
318 1281 367 1341 ilia
391 1281 509 1360 quidem
533 1281 636 1358 grandi
660 1301 727 1343 111111
751 1283 853 1342 fenore
876 1283 979 1364 nobis,

196 1370 256 1430 Neo
280 1379 329 1449 te,
355 1372 380 1429 si
404 1372 524 1448 cupiat,
548 1369 663 1429 laedere
686 1387 789 1430 rumor
812 1369 917 1431 habet:

153 1457 210 1517 Sed
234 1466 331 1518 tamen
354 1457 410 1518 boo
435 1459 519 1518 iactis
542 1457 668 1535 adiunge
692 1457 841 1536 prioribus
865 1476 975 1539 unum,

197 1545 255 1605 Pro
280 1548 390 1606 nostris
415 1556 448 1605 ut
471 1548 511 1604 sis
535 1544 688 1605 ambitiosa
711 1544 811 1607 malis.

105 1646 138 1693 85
152 1633 190 1693 Ut
214 1635 311 1694 minus
335 1634 441 1693 infesta
465 1635 574 1693 iaceam
597 1637 741 1713 regione,
764 1632 880 1714 labora,

197 1720 306 1782 Claude
329 1738 385 1782 noc
408 1722 498 1781 officii
521 1739 589 1800 pars
612 1723 671 1781 erit
693 1720 752 1781 ulia
774 1723 836 1782 tui.

152 1810 254 1887 Magna
278 1817 368 1888 peto,
393 1808 444 1868 sed
468 1826 527 1868 non
551 1816 648 1868 tamen
672 1808 815 1869 invidiosa
838 1813 970 1888 roganti:

197 1897 294 1975 thue
317 1914 351 1957 ea
375 1914 433 1956 non
457 1904 580 1976 teneas,
605 1906 667 1957 tuta
689 1896 808 1975 repulsa
831 1906 882 1958 tua
905 1907 967 1958 est.

152 1985 213 2045 Nec
236 1985 308 2044 mihi
332 2002 497 2063 succense,
521 1987 628 2044 totiens
652 1986 678 2045 si
701 1987 831 2045 carmine
854 1992 956 2046 nostro
1025 2002 1067 2052 (111

106 2085 139 2134 90
198 2073 282 2143 Quod
306 2074 377 2132 iacis
390 2119 400 2152 ,
423 2081 457 2133 ut
480 2073 569 2132 iacias
582 2118 590 2151 ,
614 2080 702 2150 teque
726 2075 865 2152 imitere,
888 2091 979 2152 rogo.

153 2160 292 2220 Fortibus
316 2162 445 2220 assuevit
467 2159 587 2220 tubicen
610 2160 775 2242 prodesse3
799 2179 913 2240 suoque

197 2248 261 2308 Dux
285 2247 359 2308 bene
383 2249 541 2326 pugnantis
564 2248 667 2307 incitat
689 2265 741 2308 ore
765 2250 864 2310 viros.

153 2336 228 2395 Nota
251 2342 300 2395 tua
324 2343 369 2396 est
392 2334 524 2414 probitas
548 2342 713 2412 testataque
738 2344 854 2414 tempus
877 2339 908 2396 in
931 2355 1036 2399 omne:

198 2423 243 2483 Sit
265 2425 358 2483 virtus
382 2425 469 2482 etiam
494 2440 553 2481 non
577 2420 721 2499 probitate
746 2424 860 2484 minor.

105 2523 138 2570 95
153 2511 217 2571 Non
241 2510 295 2571 tibi
317 2511 473 2571 Amazonia
497 2520 544 2571 est
565 2528 620 2588 pro
645 2528 690 2570 me
714 2509 856 2570 sumenda
879 2513 1011 2593 securis,

196 2601 255 2659 Aut
278 2602 375 2659 excisa
397 2599 455 2659 levi
477 2598 555 2678 pelta
579 2597 708 2677 gerenda
730 2614 836 2658 mauu.

151 2687 268 2747 Numen
292 2687 474 2748 adorandum
498 2695 565 2748 est:
595 2705 654 2747 non
677 2695 712 2748 ut
734 2685 806 2746 mihi
829 2686 880 2748 dat
902 2689 1046 2768 amicum,

199 2775 256 2835 Sed
280 2777 319 2835 sit
342 2779 528 2855 miratum,
552 2794 640 2853 quam
664 2776 719 2837 fuit
742 2783 810 2835 anto
823 2822 831 2857 ,
855 2777 970 2838 minus.

153 2863 252 2923 Gratia
276 2866 301 2923 si
324 2863 404 2924 nulla
427 2871 473 2924 est
485 2911 495 2944 ,
518 2862 654 2924 lacrimae
678 2863 733 2924 tibi
755 2866 848 2942 gratia
870 2865 960 2925 fient.

89 2963 139 3011 100
198 2951 259 3011 Hac
282 2962 367 3030 potes
390 2961 441 3012 aut
463 2951 542 3011 nulla
565 2960 649 3029 parte
672 2970 790 3013 movere
814 2953 902 3014 deos.

153 3039 233 3109 Quae
258 3039 372 3100 tibine
396 3040 514 3119 desint,
538 3039 613 3100 bene
636 3059 691 3119 per
708 3040 783 3101 mala
807 3048 907 3100 nostra
931 3047 1068 3120 cavetur,

196 3127 302 3206 Meque
326 3130 388 3188 viro
412 3128 502 3187 ssendi
525 3130 609 3207 copia
632 3128 713 3188 dives
737 3128 836 3188 adest.
917 3204 919 3210 Ι

152 3214 249 3292 thue
274 3234 355 3276 meae
380 3234 428 3275 res
452 3224 543 3294 sunt,
567 3218 647 3275 omni
660 3262 669 3293 ,
692 3223 764 3292 puto
777 3258 786 3293 ,
810 3220 943 3289 tempore
966 3213 1068 3275 ssobis.

197 3303 256 3362 Has
280 3305 397 3364 fortuna
421 3302 475 3363 tibi
498 3312 599 3363 nostra
623 3303 771 3362 ministret
793 3317 883 3377 opes.

89 3401 137 3450 105
154 3390 185 3450 Si
208 3409 272 3452 mea
292 3409 372 3451 mors
390 3389 562 3451 redimenda
581 3399 652 3466 tua,
677 3388 754 3466 quod
776 3386 952 3469 abominor,
972 3397 1068 3470 esset,

197 3479 314 3539 Admeti
336 3481 487 3557 coniunx,
511 3494 599 3555 quam
622 3477 814 3556 sequereris,
838 3483 918 3539 erat.
