2386 3892
555 174 726 225 TRISTIUM

227 336 329 397 Fidam
352 339 485 416 proiecto
509 355 581 397 neve
605 344 710 415 negate
733 354 871 398 manum.

227 425 380 503 Prospera,
397 427 440 484 sic
463 432 578 485 maneat
601 424 684 484 vobis
707 424 847 506 fortuna,
870 442 926 487 nec
950 444 1090 505 umquam

228 512 362 582 Contacti
385 512 473 575 simili
496 522 576 574 sorte
600 514 710 592 rogetis
733 512 829 573 idem.

620 704 662 777 V.

227 865 304 926 Usus
328 865 473 925 amicitiae
496 871 595 924 tecum
618 863 691 924 mibi
714 881 844 944 parvus,
867 872 901 925 ut
923 863 1003 926 illam

227 952 291 1013 Non
316 971 403 1031 aegre
425 970 529 1031 posses
553 951 760 1031 dissimulare,
784 952 858 1031 luit,

226 1040 288 1100 Nec
312 1059 359 1100 me
383 1039 553 1118 complexus
578 1039 681 1100 vinclis
703 1039 894 1121 propioribus
918 1059 999 1102 esses

227 1127 306 1188 Nave
330 1146 394 1188 mea
416 1136 505 1188 rento
518 1175 527 1208 ‚
550 1128 651 1187 forsan
664 1175 673 1208 ,
696 1135 784 1188 eunte
809 1144 880 1188 suo.

166 1255 169 1264 ·
197 1216 267 1276 oUt
290 1216 383 1276 cecidi
396 1262 405 1295 ,
429 1218 587 1294 cunctique
611 1224 692 1276 metu
716 1217 819 1294 sugere
843 1217 977 1296 ruinam,

229 1304 376 1382 Versaque
401 1306 544 1365 amicitiae
568 1312 651 1382 terga
674 1303 782 1384 dedere
806 1321 888 1364 meae
900 1349 910 1384 ,

227 1392 324 1453 Ausus
348 1410 379 1452 es
403 1394 470 1468 igne
494 1389 570 1451 lovis
593 1409 768 1469 percussum
793 1398 914 1470 tangere
937 1408 1047 1471 corpus

226 1480 265 1541 Et
288 1479 456 1559 deploratae
480 1480 570 1540 limen
593 1479 674 1540 adire
698 1479 821 1541 domus:

226 1568 318 1645 ldque
342 1585 447 1627 recens
470 1573 602 1645 praestas
625 1584 681 1628 nec
704 1566 791 1646 longo
815 1567 951 1645 cognitus
975 1585 1048 1646 usu,

180 1668 211 1714 10
227 1655 311 1726 Quod
335 1662 468 1714 veterum
491 1657 599 1716 misero
623 1657 671 1714 vix
693 1655 752 1715 duo
775 1662 874 1716 tresve
896 1654 986 1716 mibi.

227 1743 293 1803 Vidi
316 1760 369 1820 ego
394 1742 532 1802 confusos
555 1742 676 1822 vultus,
699 1745 837 1821 visosque
860 1744 976 1823 notari,

166 1907 168 1910 .
228 1831 327 1909 Osque
351 1829 471 1890 madens
493 1830 566 1891 fletu
589 1830 785 1910 pallidiusque
808 1848 893 1911 meo,

228 1919 264 1979 llt
288 1919 422 1978 lacrimas
446 1936 572 1979 cernens
595 1921 626 1978 in
649 1918 764 1997 singula
785 1917 875 1978 verba
898 1917 1037 1979 cadentes

227 2006 295 2068 Ore,
310 2024 375 2065 meo
399 2005 558 2087 lacrimas,
581 2005 702 2067 auribus
725 2005 773 2066 illa
796 2005 876 2086 bihi;

181 2106 212 2152 15
227 2094 409 2172 Brachiaque
432 2097 533 2173 accepi
555 2112 659 2174 presso
683 2094 841 2174 pendentia
864 2092 958 2174 collo,

226 2182 264 2243 Et
287 2182 453 2260 singultatis
477 2182 577 2242 oscula
600 2184 690 2243 mixta
714 2184 812 2243 sonis.

227 2270 299 2331 Sum
319 2287 459 2351 quoque,
479 2287 568 2350 care,
592 2271 651 2330 tuis
671 2269 810 2330 defensus
829 2270 941 2330 viribus
960 2270 1085 2332 absens:
1106 2304 1143 2314 -

226 2359 290 2419 Scis
313 2376 415 2418 carum
438 2359 500 2419 veri
522 2360 650 2419 nominis
673 2376 739 2419 esse
762 2357 827 2418 loco
845 2390 889 2400 -

224 2446 374 2525 Multaque
397 2454 551 2524 praeterea
574 2447 723 2506 manifesti
745 2447 828 2524 sigua
850 2446 959 2508 favoris

178 2547 211 2594 20
226 2533 401 2595 Pectoribus
425 2540 512 2594 teneo
535 2551 595 2594 non
618 2533 733 2594 abitura
756 2535 847 2594 meis.

225 2622 259 2682 ui
284 2622 337 2683 tibi
359 2639 447 2701 posse
471 2631 547 2685 tuos.
563 2620 695 2682 tribuant
718 2621 877 2682 defendere
900 2639 1037 2703 semper,

226 2710 307 2781 Quos
330 2711 360 2768 in
385 2711 506 2769 materia
528 2712 717 2788 prosperiore
740 2710 842 2770 iures.

227 2796 259 2856 Si
281 2803 379 2856 tamen
402 2798 516 2856 interea
528 2843 537 2877 ,
565 2797 636 2876 quid
663 2799 694 2857 in
717 2796 763 2858 bis
787 2814 840 2875 ego
862 2798 998 2877 perditus
1020 2799 1079 2858 oris
1100 2829 1140 2838 -

226 2882 310 2953 Quod
334 2892 363 2944 te
386 2882 527 2944 credibile
551 2893 597 2945 est
619 2902 762 2963 quaerere
784 2917 821 2928 -
844 2888 985 2966 quaeris,
1007 2903 1105 2964 agam:

177 2984 210 3032 25
227 2971 284 3050 Spe
307 2970 411 3031 trahor
440 2975 544 3050 exigua
556 3019 566 3052 ,
589 2991 677 3052 quam
700 2980 732 3033 tu
760 2973 832 3033 mihi
856 2972 975 3035 demere
999 2973 1075 3053 noli,

225 3060 334 3120 Tristia
357 3059 443 3120 leniri
465 3063 586 3121 numina
609 3079 697 3140 posse
721 3061 786 3121 dei.

226 3147 285 3208 Seu
309 3155 421 3208 temere
445 3156 591 3230 expecto,
614 3151 675 3209 sive
698 3149 728 3209 id
752 3150 924 3228 contingere
948 3149 992 3209 las
1014 3156 1075 3224 cst,

225 3236 271 3296 Tu
294 3235 388 3316 mihi,
412 3236 491 3314 quod
515 3239 624 3316 cupio,
647 3237 691 3297 ias
704 3282 713 3316 ‚
737 3255 866 3316 precor,
890 3253 956 3297 csse
979 3235 1087 3315 proba,

226 3323 366 3403 Quaeque
390 3323 444 3384 tibi
466 3323 583 3404 linguae
606 3325 765 3405 facundia,
788 3324 890 3386 confer
913 3326 945 3385 in
968 3323 1057 3403 illud,

176 3423 209 3470 ao
224 3410 263 3470 Ut
285 3411 391 3471 doceas
413 3419 515 3472 votum
538 3430 625 3492 posse
649 3412 745 3472 valere
769 3430 885 3473 meum.

226 3497 290 3580 Quo
315 3501 439 3577 quisquc
464 3508 509 3561 cst
531 3503 646 3582 maior,
670 3502 763 3578 magis
786 3509 832 3561 est
854 3499 1005 3580 placabilis
1026 3501 1098 3576 irae,
