2386 3892
90 175 133 239 82
288 207 289 210 ,
506 174 677 225 rmsrruu

131 351 163 400 55
179 339 252 400 Cum
275 336 384 397 Priami
407 335 537 397 lacrimis
561 337 692 396 offensus
715 353 776 397 non
799 338 839 396 sit
860 337 1007 421 Achilles,

179 427 224 487 Tu
247 425 334 486 fletus
357 423 494 503 inhibes,
519 424 621 483 durior
643 423 750 503 hoste,
774 421 883 485 meos?

179 514 253 574 Cum
276 512 387 572 iaceret
408 510 522 571 Nioben
546 510 647 570 orbam
670 510 791 572 Latonia
812 512 931 593 proles,

178 602 243 662 Non
268 610 365 661 tamen
388 606 418 660 et
441 601 534 659 siccas
556 601 644 659 iussit
666 598 776 659 habere
799 617 906 678 genas.

179 689 232 748 Est
255 686 386 767 aliquid,
410 687 495 748 fatale
519 685 627 746 malum
650 704 704 764 per
726 685 816 747 rerba
839 687 954 749 levare:

132 789 165 837 60
179 777 242 837 Hoc
265 774 418 855 querulam
442 774 577 834 Procnen
601 773 809 852 Alcyonenque
833 775 919 835 iacit.

180 864 241 924 Hoc
266 871 328 923 erat
341 909 349 942 ,
372 866 403 922 iu
427 860 521 940 gelido
545 878 636 939 quare
660 860 818 922 Poeantius
841 870 926 922 antro

179 951 256 1011 Voce
280 951 415 1029 fatigaret
438 947 557 1008 Lemnia
582 967 648 1009 saxa
672 967 742 1009 sua.

181 1037 350 1116 strangulat
373 1035 505 1112 inclusus
529 1035 612 1096 dolor
635 1044 723 1115 atque
750 1044 903 1098 exaestuat
925 1039 1023 1119 intus,

181 1126 302 1204 Cogitur
325 1132 356 1185 et
377 1126 456 1184 vires
479 1123 673 1202 multiplicare
697 1141 783 1185 suas.

133 1225 166 1275 ao
181 1214 222 1274 lla
245 1215 359 1273 veniam
381 1213 480 1290 potius
493 1258 502 1291 ,
525 1211 571 1270 vel
594 1219 672 1272 totos
695 1210 765 1272 tollo
788 1210 920 1294 libellos,

182 1302 214 1361 Si
236 1300 308 1361 mibi
331 1299 409 1379 quod
432 1297 575 1379 prodest,
598 1299 654 1359 hoc
676 1297 732 1359 tibi
744 1345 754 1379 ,
777 1299 892 1381 lector,
916 1298 1019 1360 obest.

182 1388 239 1449 Sed
262 1405 360 1466 neque
383 1386 488 1446 obesse
511 1393 632 1465 potest,
654 1385 707 1447 ulli
723 1404 785 1447 nee
808 1389 919 1465 scripta
943 1388 1065 1448 luerunt

181 1476 287 1537 Nostra
311 1477 368 1536 nisi
391 1476 506 1536 auctori
528 1475 694 1552 perniciosa
717 1492 788 1534 suo.

182 1561 230 1623 ‘m
252 1562 327 1623 mala
346 1558 443 1622 sunt?
476 1562 587 1621 fateor.
620 1564 686 1639 quis
711 1569 739 1622 te
759 1561 832 1622 mala
851 1579 971 1624 sumere
995 1558 1094 1643 cogit?

135 1664 168 1711 το
183 1652 241 1712 dut
264 1651 330 1728 quis
353 1648 510 1726 deceptum
533 1666 643 1727 ponere
668 1657 784 1728 sumpta
807 1646 910 1710 vetat?

182 1738 248 1817 lpse
276 1754 332 1797 nec
358 1736 415 1797 boc
443 1735 571 1816 mand03
595 1735 668 1818 sed,
700 1744 735 1797 ut
761 1736 809 1797 bic
837 1737 981 1819 deducta,
1008 1736 1047 1798 le·

727 1832 850 1903 gantur:
951 1870 955 1874 -

182 1912 246 1972 Non
271 1919 341 1972 sunt
363 1910 411 1971 illa
435 1929 488 1972 suo
512 1909 682 1972 barbariora
705 1911 787 1972 loco.

181 2000 242 2070 Nec
266 2017 312 2059 me
336 1999 427 2059 Roma
451 2001 513 2060 suis
536 1997 625 2058 debet
648 1999 784 2060 conferre
806 2001 922 2078 poetis:

182 2087 262 2147 luter
286 2085 474 2147 Sauromatas
497 2087 669 2164 ingeniosus
692 2104 790 2147 eram.

136 2187 169 2235 to
184 2174 317 2252 Denique
340 2173 420 2234 nulla
443 2173 515 2234 mihi
538 2180 672 2252 captatur
694 2173 786 2252 gloria
809 2191 944 2253 quaeque

182 2261 303 2340 Ingenio
327 2261 460 2322 stimulos
484 2260 611 2322 subdere
634 2261 710 2321 fama
732 2261 824 2323 solet.

183 2349 326 2410 Nolumus
350 2348 475 2411 assiduis
499 2351 628 2409 animum
651 2347 804 2409 tabescere
827 2351 927 2430 curis,

184 2437 264 2507 Quae
288 2445 385 2498 tamen
408 2439 584 2516 inrumpunt
606 2454 723 2514 quoque
747 2443 884 2497 vetantur
907 2444 996 2498 eunt.

184 2525 243 2585 Cur
272 2524 420 2605 scribam,
448 2525 557 2604 docui3
581 2542 635 2584 cur
658 2526 794 2603 mittam,
821 2526 989 2605 quaeritis,
1014 2517 1097 2584 isto?

135 2624 168 2672 80
184 2610 341 2674 Vobiscum
365 2615 452 2691 cupio
475 2610 608 2690 quolibet
630 2629 696 2672 esse
719 2611 824 2672 modo.
866 2627 869 2632 ·

575 2803 619 2876 Π.

185 2958 320 3037 Ecquid,
344 2958 395 3019 ubi
419 2977 435 3019 e
458 2959 551 3021 Ponto
575 2978 649 3021 nova
671 2959 752 3021 venit
774 2961 920 3041 epistula,
942 2960 1049 3039 palles,

184 3046 222 3107 Et
244 3046 298 3108 tibi
322 3046 446 3108 sollicita
470 3047 592 3108 solvitur
615 3048 663 3108 illa
686 3045 800 3109 mauu?

184 3136 264 3196 Pone
288 3144 417 3216 metum,
442 3135 539 3215 valeo;
564 3154 748 3215 corpusque,
771 3135 850 3214 quod
874 3144 942 3197 aute
965 3134 1096 3196 laborum

185 3223 335 3301 lupatieus
358 3223 444 3283 nobis
468 3223 685 3303 invalidumque
709 3225 782 3304 luit,

156 3310 326 3390 oSullicit,
349 3319 436 3391 atque
460 3313 523 3390 ipso
547 3322 684 3372 vexatum
705 3311 840 3371 induruit
862 3328 937 3371 usu.

185 3398 229 3455 An
253 3401 344 3476 magis
368 3401 484 3470 infirmo
508 3417 567 3460 non
590 3407 673 3459 vacat
696 3417 761 3458 esse
784 3395 882 3459 mihi?

185 3482 268 3543 Mens
284 3492 381 3546 tamen
395 3505 481 3565 aegra
499 3489 593 3567 iacet,
612 3504 667 3546 nec
681 3496 814 3566 tempore
833 3486 940 3553 robora
959 3483 1090 3563 sumpsit,
