2386 3892
399 146 444 198 IV.
465 158 497 198 vr
511 148 629 198 34-vrr
644 148 686 200 tt.
987 145 1049 209 195

178 307 243 385 lpsa
267 315 364 367 tamen
389 310 482 368 virtus
506 309 609 370 ordine
634 311 725 369 maior
749 311 823 369 erit.

135 393 197 455 Non
220 406 308 474 negat
331 395 386 456 hoo
410 395 510 456 Hister
523 444 531 476 ,
556 400 640 457 cuius
664 406 714 457 tua
737 397 856 457 dextera
881 397 1028 475 quondam

86 496 120 543 20
178 483 337 544 Puniceam
361 484 462 544 Getico
487 488 629 563 sanguine
654 485 724 545 iecit
747 503 869 563 aquam.

135 571 197 630 Non
221 581 308 650 negat
331 571 476 652 Aegisos,
501 591 574 650 quae
599 581 628 632 te
652 573 797 634 subeunte
822 582 939 651 recepta

179 659 278 719 Sensit
301 661 331 719 in
355 662 472 738 ingenio
497 661 538 720 nil
561 664 626 739 opis
650 679 715 721 esso
739 662 812 722 loci.

134 747 206 807 Nam
219 795 228 828 ,
252 746 397 826 dubium,
421 750 521 826 positu
544 749 650 809 melius
674 748 794 809 defensa
817 766 962 830 manuue,

179 834 255 895 Urbs
279 843 342 895 erat
364 838 396 895 in
420 853 534 896 summo
558 836 687 897 nubibus
710 854 803 914 aequa
825 838 911 914 iugo.

88 933 120 982 25
137 922 270 983 Sithonio
293 925 358 1000 regi
381 923 462 984 ierus
486 926 684 1003 interceperat
706 924 784 985 illarn

177 1009 277 1071 Hostis
301 1019 330 1071 et
354 1020 470 1090 ereptas
494 1014 587 1072 victor
609 1011 735 1073 habebat
758 1030 847 1092 opes3

135 1097 232 1158 Donec
255 1099 395 1159 fluminea
418 1099 538 1160 devecta
562 1100 696 1161 Vitellius
719 1101 797 1161 unda

96 1194 98 1198 “
179 1185 302 1267 lntulit,
327 1190 459 1266 exposito
483 1189 598 1268 milite,
621 1192 703 1267 signa
727 1188 825 1248 Getis,

136 1276 172 1334 At
195 1274 249 1334 tibi
262 1322 271 1354 ,
294 1278 451 1354 progenies
474 1275 525 1335 alti
549 1277 708 1336 fortissima
730 1275 845 1355 Donni,

88 1375 121 1422 30
180 1361 266 1422 Venit
288 1366 320 1423 in
343 1364 481 1423 adversos
505 1366 633 1441 impetus
657 1366 700 1423 ire
725 1364 832 1422 viros.⁴

136 1449 195 1510 Nec
220 1468 323 1530 mora,
347 1455 525 1530 conspicuus
549 1452 635 1529 longe
659 1448 841 1528 fulgentibus
864 1452 971 1532 armis,

180 1538 278 1599 Fortia
302 1557 338 1599 ne
362 1542 477 1616 possint
501 1541 576 1600 lacta
599 1539 713 1619 latere,
737 1555 840 1618 cares,

137 1625 309 1704 ingentique
334 1627 426 1704 gradu
451 1637 553 1688 contra
576 1629 749 1706 ferrumque
772 1626 928 1704 locumque

180 1714 312 1793 Saxaque
337 1713 463 1776 brumali
486 1716 627 1794 grandine
651 1715 735 1795 plura
759 1713 859 1775 subis.

88 1813 122 1861 35
137 1801 197 1860 Nec
221 1810 250 1862 te
274 1805 363 1863 missa
387 1821 476 1881 super
498 1803 662 1865 iaculorum
685 1803 773 1864 turba
796 1812 945 1883 moratur,

180 1889 240 1950 Neo
265 1908 340 1967 quae
364 1893 482 1969 vipereo
508 1891 563 1951 tela
587 1909 694 1953 cruore
718 1891 852 1952 madent.

138 1976 255 2054 Spicula
280 1996 348 2037 cum
371 1981 459 2056 pictis
482 1979 605 2040 haerent
627 1983 659 2041 in
682 1979 795 2040 casside
818 1981 935 2061 pinnis,

181 2064 312 2142 Parsque
336 2066 398 2127 lere
421 2071 499 2128 scuti
522 2068 643 2129 vulnere
667 2067 746 2129 nulla
770 2075 868 2128 vacat.

137 2153 197 2212 Nec
220 2170 329 2231 corpus
353 2163 476 2215 cunctos
499 2155 624 2217 lelioiter
648 2156 751 2235 ellugit
774 2158 868 2215 ictus:
996 2166 1052 2231 0²⁰)

88 2251 123 2300 40
182 2240 240 2300 Sed
265 2243 361 2301 minor
384 2252 429 2302 est
452 2245 514 2303 acri
537 2242 631 2303 laudis
654 2261 752 2303 amore
776 2242 875 2302 dolor.

138 2327 216 2388 Talis
240 2329 316 2407 apud
341 2329 458 2390 Troiam
481 2329 587 2391 Danais
610 2347 664 2408 pro
687 2329 810 2389 navibus
833 2330 902 2388 diax

182 2416 297 2477 Dicitur
320 2416 481 2478 Hectoreas
505 2419 682 2478 sustinuisse
705 2417 802 2476 laces.

138 2503 174 2565 Ut
198 2507 321 2582 propius
341 2513 461 2566 rentum
485 2513 552 2584 est,
575 2504 750 2583 admotaque
774 2503 893 2562 dextera
917 2503 1053 2582 dextrae,
1158 2580 1161 2585 .

183 2592 301 2671 Resque
325 2593 388 2653 lero
412 2595 509 2672 potuit
532 2595 696 2654 comminus
720 2608 790 2651 ense
814 2592 894 2669 geri,

90 2679 243 2740 subicere
267 2680 386 2741 dillieile
410 2689 475 2761 est,
502 2682 572 2759 quid
595 2681 673 2741 Mars
696 2688 766 2740 tuus
790 2679 883 2758 egerit
905 2678 982 2759 illio,

183 2768 320 2846 Quotque
339 2771 406 2829 neci
424 2768 562 2851 dederis,
583 2786 737 2848 quosque,
757 2768 923 2847 quibusque
943 2767 1052 2829 modis.

138 2855 216 2916 Ense
240 2863 292 2916 tuo
316 2857 408 2917 iactos
432 2856 564 2918 calcabas
587 2859 681 2918 victor
705 2874 842 2938 acervos,

182 2943 373 3023 lnpositoquo
397 2945 485 3006 Getes
509 2944 564 3005 sub
587 2945 661 3023 pede
685 2945 795 3006 multus
820 2952 899 3006 erat.

138 3032 254 3109 Pugnat
276 3031 311 3092 ad
335 3032 502 3110 exemplum
524 3035 614 3112 primi
635 3036 733 3094 minor
756 3033 859 3093 ordine
883 3030 951 3110 pili,

91 3131 124 3180 50
183 3120 332 3198 llultaquo
357 3121 415 3182 lert
436 3121 521 3181 miles
545 3121 687 3201 vulnera,
711 3119 802 3181 multa
825 3119 911 3205 lacit.

140 3207 197 3267 Sed
221 3214 336 3269 tanturn
359 3210 454 3270 virtus
477 3209 548 3270 alios
572 3219 621 3269 tua
644 3209 786 3286 praeterit
810 3220 929 3282 omnes,

183 3295 258 3355 Ante
282 3298 356 3357 citos
380 3303 522 3375 quantum
546 3296 675 3372 Pegasus
697 3293 759 3352 ibat
781 3307 891 3370 equos.

140 3383 274 3443 Vincitur
296 3386 439 3463 Aegisos.
480 3390 645 3459 testataque
669 3389 785 3457 tempus
807 3380 839 3438 in
862 3395 947 3439 omne

184 3470 261 3531 Sunt
284 3480 356 3552 tua,
379 3470 525 3552 Vestalis,
549 3469 677 3530 carmine
701 3466 776 3528 iacta
800 3484 882 3529 meo.

843 3569 896 3621 13*
