2386 3892
426 180 460 231 11.
480 182 629 232 ten—not.

108 341 171 402 Non
195 343 308 420 timui,
331 340 425 401 fateor
438 386 447 420 ,
470 359 531 420 ne,
554 359 611 419 qua
635 349 679 401 tot
700 343 761 402 iere
785 344 920 423 carinae,

60 429 257 507 roNauiraga
281 430 407 489 servatis
429 427 566 490 omuibus
590 446 648 488 una
671 429 765 490 foret.

110 517 185 579 Sunt
208 516 275 577 aliis
300 517 452 597 scriptae,
474 516 583 594 quibus
606 515 667 577 alea
689 516 825 599 luditur,
849 528 946 581 artes:
965 554 1008 563 —

109 605 172 666 Hoc
196 612 243 666 est
266 604 303 664 ad
326 613 446 664 nostros
469 622 528 664 non
551 604 614 665 leve
638 607 751 666 crimen
775 625 844 668 avos
865 640 903 651 -

110 693 188 764 Quid
211 691 328 752 valeant
351 691 401 752 tali
413 739 423 773 ,
446 710 504 771 quo
528 695 625 772 possis
648 692 774 772 piurima
797 697 875 756 iactu

109 781 238 859 Figere,
262 780 419 840 damnosos
442 781 623 860 effugiasque
648 799 754 855 canes,

62 882 97 931 75
110 869 238 929 Tessera
261 886 336 946 quos
359 867 465 929 babeat
487 887 650 951 numeros,
672 870 799 931 distante
825 879 925 932 vocato

110 956 229 1017 Mittere
255 974 313 1034 quo
337 957 462 1037 deceat,
486 975 544 1035 quo
568 957 638 1018 dare
662 959 751 1018 missa
773 957 880 1038 modo,

112 1044 247 1107 Discolor
271 1053 304 1104 ut
327 1053 409 1104 recto
433 1054 584 1123 grassetur
607 1046 698 1107 limite
722 1046 828 1128 mites,

111 1133 185 1194 Cum
210 1131 325 1192 medius
349 1134 465 1210 gemino
488 1132 619 1194 calculus
642 1134 728 1194 hoste
751 1137 848 1216 perit,

110 1218 133 1299 †
156 1220 196 1280 Ut
218 1237 300 1280 mare
324 1220 395 1280 velle
420 1238 548 1299 sequens
572 1223 645 1282 sciat
672 1230 702 1281 et
730 1240 869 1284 revocare
900 1225 1030 1301 priorem

60 1321 98 1370 rto
112 1308 172 1369 Nec
198 1315 262 1369 tuto
286 1308 402 1386 fugiens
425 1310 613 1369 incomitatus
637 1317 702 1388 eat,

111 1397 203 1457 Parva
227 1397 266 1455 sit
290 1403 323 1455 ut
345 1397 438 1456 ternis
461 1398 606 1457 instructa
629 1396 734 1456 tabella
757 1396 886 1476 lapillis,

111 1485 145 1544 in
169 1502 227 1563 qua
251 1485 356 1543 vicisse
380 1492 426 1545 est
448 1487 636 1545 continuasse
660 1502 747 1565 suos,

111 1574 229 1651 Quique
260 1571 309 1632 alii
338 1571 420 1633 lusus
451 1604 488 1615 -
519 1590 617 1650 neque
650 1574 728 1632 enim
760 1591 839 1634 nunc
868 1592 1030 1654 persequar

536 1678 639 1720 omnes
660 1693 697 1703 —

111 1746 240 1809 Perdere
264 1766 328 1808 rem
352 1765 449 1808 caram
462 1796 471 1828 ,
494 1757 627 1827 tempora
650 1756 772 1828 nostra,
797 1749 910 1812 soient.

60 1847 100 1897 185
114 1836 192 1896 Ecce
217 1839 295 1897 canit
320 1838 429 1897 formas
452 1836 526 1897 alius
548 1839 702 1916 iactusque
725 1837 871 1918 pilarum,

111 1923 165 1984 Hic
189 1932 284 1984 artem
308 1925 398 1984 nandi
419 1926 584 2004 praecipit,
608 1925 656 1985 iile
681 1926 793 1986 trochi.

112 2012 280 2090 Composita
304 2023 350 2072 est
372 2012 435 2072 aliis
459 2012 578 2072 fucandi
601 2031 672 2074 cura
696 2013 822 2095 coloris,

111 2099 165 2159 Hic
189 2099 284 2178 epulis
307 2100 388 2178 leges
410 2098 597 2180 hospitioque
621 2099 720 2180 dedit3

111 2187 193 2248 Alter
217 2187 363 2268 humum,
386 2187 422 2249 de
446 2206 503 2266 qua
526 2189 674 2267 tingantur
697 2188 825 2272 pocula,
849 2196 1010 2269 monstrat,

60 2287 97 2335 190
112 2276 276 2355 Quaeque,
300 2276 409 2355 docet,
432 2276 544 2354 liquido
569 2284 644 2336 testa
667 2279 706 2337 sit
728 2287 794 2355 apta
818 2296 919 2339 mero.

112 2363 192 2423 Talia
216 2363 360 2425 luduntur
384 2365 499 2425 iumoso
523 2381 623 2424 mense
647 2363 821 2446 Decembri,

113 2451 193 2520 Quae
218 2452 325 2511 damno
348 2451 421 2512 nulii
444 2452 646 2531 composuisse
669 2452 742 2512 fuit.
808 2465 820 2484 ·

113 2538 164 2600 His
189 2558 242 2618 ego
267 2538 409 2619 deceptus
432 2557 492 2600 non
517 2540 611 2600 tristia
635 2541 764 2598 carmina
787 2540 863 2618 feci,

114 2627 170 2687 Sed
194 2629 290 2688 tristis
313 2636 432 2688 nostros
454 2645 550 2707 poena
574 2634 675 2688 secuta
697 2628 795 2686 iocos.

60 2714 244 2794 teobenique
268 2734 323 2775 nec
346 2715 432 2775 video
455 2716 491 2776 de
516 2723 559 2776 tot
582 2714 782 2776 scribentibus
805 2733 914 2797 unum,

113 2803 206 2872 Quem
231 2821 284 2863 sua
306 2804 470 2882 perdiderit
492 2803 597 2884 Musa3
620 2812 758 2881 repertus
781 2823 853 2883 ego.

113 2890 212 2970 Quid,
236 2893 262 2951 si
286 2893 472 2970 scripsissem
496 2894 600 2952 mimos
624 2891 752 2953 obscena
774 2895 924 2974 iocantes,

113 2978 170 3048 Qui
193 2997 311 3058 semper
335 2981 417 3041 vetiti
439 2982 552 3041 crimen
576 2982 685 3042 amoris
708 2977 844 3041 habent?

112 3065 145 3126 In
168 3066 277 3145 quibus
301 3068 418 3129 assidue
442 3068 539 3130 cuitus
561 3069 697 3148 procedit
720 3067 852 3146 adulter,

60 3161 99 3215 500
113 3153 267 3234 Verbaque
292 3156 341 3217 dat
364 3154 455 3217 stulto
479 3157 581 3217 callida
604 3165 695 3236 nupta
718 3159 799 3216 viro.
908 3222 910 3225 ,

113 3243 227 3304 Nubilis
250 3243 305 3304 bos
328 3246 411 3323 virgo
434 3253 626 3323 matronaque
649 3246 753 3322 virque
776 3259 912 3320 puerque

113 3331 255 3413 Spectat,
278 3341 309 3393 et
332 3351 367 3393 er
390 3351 494 3410 magna
516 3342 600 3412 parte
624 3339 745 3392 senatus
769 3329 871 3390 adest.

112 3420 172 3481 Nec
196 3423 267 3481 satis
290 3423 412 3481 incestis
436 3423 575 3481 temerari
598 3418 719 3479 vocibus
743 3436 848 3499 anres3

113 3509 300 3570 Adsuescunt
323 3509 400 3569 oculi
424 3509 514 3569 multa
538 3505 675 3587 pudenda
697 3510 777 3585 pati:

834 3613 849 3660 3
857 3611 871 3642 dt
