2386 3892
430 181 457 232 v.
478 182 625 234 soe-sta.
965 180 1030 246 321

159 343 220 404 Nec
243 343 370 421 liquidae
393 343 497 404 vinctis
520 343 593 404 tiore
616 342 759 406 bibuntur
782 362 892 424 aquae.

116 431 215 491 Donec
239 449 304 491 eras
327 433 435 491 mixtus
460 430 547 492 nullis
560 477 569 511 ,
592 431 740 513 Acheloe,
763 436 906 514 racemis,

160 519 258 579 Gratia
281 518 440 579 sumendae
464 536 523 578 non
547 527 611 580 erat
633 520 691 581 ulla
715 538 817 582 rosae.

72 621 101 669 15
116 607 250 666 Bacchus
274 616 350 667 anaat
373 607 483 666 liores:
515 605 630 666 Baccho
653 607 800 687 placuisse
823 624 962 671 coronant

160 695 202 753 Ex
226 696 372 754 Ariadneo
396 695 492 754 sidere
516 711 603 754 nosse
626 702 731 773 potes.

117 784 227 842 Scaeua
242 783 314 842 lovis
329 783 414 843 decet
427 781 520 842 hanc:
535 799 594 842 non
610 789 669 863 est,
685 782 756 843 milri
770 783 898 865 credite,
913 802 971 845 non
986 793 1033 844 est

160 870 210 930 llla
234 878 402 930 coturnatas
425 871 504 929 inter
525 868 659 930 habenda
682 871 792 932 deas.¹
894 886 896 893 ’

117 959 216 1018 Turba
240 958 359 1036 quidem
383 976 437 1018 our
459 956 514 1016 hos
536 956 667 1019 celebret
689 959 857 1020 meretricia
880 958 983 1040 ludos,

72 1060 101 1106 50
160 1047 223 1106 Non
249 1065 284 1106 ex
307 1045 419 1105 dildcili
442 1062 530 1105 causa
553 1047 644 1123 petita
667 1045 787 1107 subest.
815 1067 819 1075 ·
900 1048 905 1055 ‘

116 1135 180 1193 Non
205 1142 250 1194 est
272 1134 307 1193 de
331 1135 466 1212 tetricis,
488 1150 548 1192 non
573 1143 618 1193 est
640 1134 676 1194 de
700 1152 804 1213 magua
826 1136 988 1215 professis:

163 1221 228 1280 Voit
252 1239 305 1281 sna
327 1221 442 1300 plebeio
466 1220 549 1281 00010
572 1230 673 1298 patere
697 1221 806 1283 choro.

117 1310 155 1369 Et
178 1318 278 1369 rnonet
301 1312 404 1370 aetatis
427 1310 525 1389 specie
538 1355 547 1389 ,
570 1307 640 1369 dum
658 1308 788 1391 1101001,
811 1311 873 1390 uti3

162 1397 315 1457 Contemni
339 1400 474 1477 spinam,
498 1414 565 1457 carm
589 1396 722 1458 cecidere
746 1414 848 1458 rosae.

72 1499 101 1544 55
119 1486 178 1545 Cur
201 1496 320 1566 tamen,
344 1494 377 1545 nt
400 1484 507 1545 dantur
530 1493 626 1545 vestes
650 1483 812 1546 Cerialibus
835 1484 934 1566 albae,

163 1573 212 1632 Sic
235 1574 307 1632 haec
331 1582 376 1634 est
399 1572 480 1633 cultu
503 1572 681 1632 versicolore
705 1568 839 1650 decens?

118 1662 161 1719 An
187 1664 253 1739 qtria
277 1662 401 1721 maturis
423 1658 546 1720 albescit
567 1662 673 1721 messis
695 1662 808 1742 0110110,

163 1748 199 1807 Et
223 1749 302 1808 color
326 1757 356 1808 et
380 1751 493 1827 species
516 1747 639 1809 floribus
663 1751 758 1811 omnis
780 1744 886 1811 inest?

120 1837 250 1916 Annuit,
275 1845 304 1896 et
327 1838 414 1896 motis
437 1836 525 1896 tiores
550 1836 684 1898 cecidere
708 1837 837 1918 capillis,

72 1939 103 1985 00
163 1923 302 1984 Accidere
326 1927 356 1984 in
381 1942 497 1985 mensas
520 1932 553 1985 ut
576 1943 643 1986 rosa
666 1928 757 1986 missa
777 1924 872 1986 solet.

118 2012 240 2074 Lumina
263 2012 434 2092 restabant,
458 2030 584 2090 quorum
607 2030 654 2072 rue
678 2030 766 2074 causa
788 2011 914 2093 latebat,

163 2100 235 2160 Curn
260 2104 302 2160 sic
326 2117 444 2160 errores
467 2098 587 2181 abstulit
609 2099 657 2160 illa
680 2117 779 2162 nreos:

119 2183 188 2248 ‘Vel
212 2190 280 2265 (pria
304 2187 463 2264 purpureis
487 2184 634 2246 collucent
655 2187 778 2249 floribus
802 2191 882 2269 egri,

163 2275 286 2335 Lumina
310 2280 379 2333 sunt
402 2279 519 2332 nostros
542 2273 601 2331 visa
621 2271 834 2355 deceredies3

72 2379 103 2425 oo
120 2364 169 2423 Vel
194 2366 261 2442 quia
285 2380 340 2422 nec
363 2360 417 2420 ilos
440 2369 486 2420 est
507 2357 607 2419 hebeti
631 2376 685 2420 nec
707 2359 821 2420 ilamnra
845 2359 963 2441 001010,

164 2454 258 2529 Atque
283 2449 384 2510 oculos
407 2450 437 2508 in
461 2465 494 2508 se
517 2445 655 2526 splendor
678 2455 805 2526 uterque
827 2446 935 2529 trabit5

120 2540 171 2599 Vol
194 2542 262 2617 quia
285 2537 397 2598 deliciis
421 2544 565 2596 nocturna
587 2534 705 2595 lieentia
727 2536 838 2596 nostris

164 2627 327 2686 Convenit.
370 2643 385 2684 a
409 2642 478 2684 vero
501 2625 588 2685 101110
603 2640 699 2684 00000
722 2617 836 2684 venit!

121 2711 188 2775 ‘Est
212 2715 299 2775 luere
322 2721 497 2794 praeterea,
521 2711 557 2772 de
581 2729 639 2790 quo
663 2710 735 2771 milri
757 2717 901 2790 quaerere
922 2719 1035 2793 100101,

74 2816 105 2861 10
166 2804 196 2861 Si
220 2799 320 2863 liceat'
345 2802 428 2862 diri:
460 2800 533 2860 dixit
556 2806 586 2859 et
608 2798 656 2859 illa
680 2794 798 2861 ‘licetI'

122 2883 197 2946 ‘Cur
221 2890 273 2949 tibi
296 2908 351 2969 pro
374 2887 491 2968 Libycis
514 2885 693 2949 clauduntur
714 2895 779 2949 1010
803 2888 913 2949 leaenis
976 2898 1035 2950 (1141

166 2972 299 3036 imbelles
322 2994 445 3056 capreae
468 2975 669 3055 sollicitusque
696 2971 820 3056 lepus?

121 3061 184 3120 Non
209 3061 286 3141 sibi,
309 3064 482 3146 respondit,
505 3063 592 3125 silvas
615 3066 763 3145 cessisse,
786 3063 839 3125 sed
861 3062 983 3143 lrortos,

165 3151 297 3228 Arvaque
321 3155 446 3229 pugnaci
468 3169 528 3213 non
551 3150 684 3212 adeunda
706 3152 805 3211 10100.

75 3255 105 3299 ru
122 3239 224 3298 Omnia
249 3239 384 3300 finierat:
417 3250 521 3302 tenues
543 3240 668 3299 secessit
689 3238 721 3297 ln
744 3254 848 3318 auras,

166 3327 271 3386 llansit
294 3326 388 3387 odor:
419 3344 522 3407 posses
545 3327 622 3386 scire
646 3326 737 3386 luisse
761 3325 862 3386 deam.

122 3416 237 3474 Floreat
261 3424 293 3474 ut
316 3424 377 3476 toto
400 3431 519 3475 carmen
542 3412 666 3473 Nasonis
688 3414 719 3473 in
742 3426 832 3495 0010,

167 3504 298 3583 Sparge,
322 3518 449 3582 precor,
473 3501 559 3562 donis
581 3508 701 3581 pectora
724 3511 824 3575 nostra
848 3502 922 3565 tuis.

85 3614 165 3655 orio.
193 3616 236 3657 111.
840 3607 873 3657 iii
