2408 3900
144 165 208 230 114
592 166 703 218 IBIDIS

232 330 270 391 Ut
292 333 369 391 iacet
391 329 484 390 Aonio
508 328 635 390 luctator
658 327 694 390 ab
718 328 835 407 hospite
858 329 961 410 lusus,

276 418 356 496 Qui,
378 419 510 497 mirum,
533 419 650 498 victor,
674 435 743 478 eum
766 416 945 497 cecidisset,
968 426 1049 480 erat:

165 517 216 567 395
231 505 270 566 Ut
293 523 368 584 quos
391 506 495 566 Antaei
517 506 610 565 lortes
633 521 771 583 pressere
794 504 916 566 lacerti:

277 586 429 676 [Quosque
451 593 532 653 ierac
556 594 644 652 morti
666 591 787 653 Lemnia
811 590 898 652 turba
921 592 1002 654 dedit
1012 591 1034 670 ε]

231 680 270 742 Ut
293 683 345 759 qui
367 690 435 759 post
457 679 601 759 longum,
623 682 701 740 sacri
723 687 903 740 monstrator
926 683 1040 763 iniqui,
1109 693 1154 747 (re)

276 768 386 829 Elicuit
406 766 523 847 'pluvias
545 768 664 827 victima
687 784 792 828 caesus
816 785 925 846 aquas:

232 856 336 917 Frater
358 863 393 918 ut
415 857 518 916 Antaei
542 873 600 934 quo
625 857 767 933 sanguine
791 853 916 934 debuit,
939 873 1006 916 aras

165 956 217 1005 400
275 944 398 1024 Tinxit,
421 955 452 1004 et
474 942 615 1022 exemplis
639 941 749 1003 oceidit
771 943 835 1020 ipse
859 944 942 1004 suis:

232 1031 271 1092 Ut
293 1034 344 1110 qui
368 1030 516 1092 terribiles
539 1049 594 1109 pro
617 1048 738 1109 gramen
761 1028 939 1092 habentibus
962 1029 1064 1093 herbis

275 1117 387 1198 Impius
410 1117 539 1179 humano
562 1120 676 1179 viscere
698 1120 779 1197 pavit
802 1136 913 1198 equos:

233 1206 272 1269 Ut
294 1208 353 1267 duo
377 1206 501 1267 diversis
524 1205 580 1267 sub
604 1205 709 1266 eodem
730 1204 846 1266 vindice
870 1207 950 1268 caesi

275 1294 477 1377 Vulneribus,
499 1293 611 1355 Nessus
634 1294 854 1372 Dexamenique
876 1311 986 1373 genere

166 1394 217 1445 405
232 1382 272 1443 Ut
294 1400 464 1464 pronepos,
489 1381 639 1462 Saturne,
661 1391 754 1463 tuus,
779 1399 868 1460 quern
891 1381 1018 1444 reddere
1041 1384 1133 1445 vitam

276 1469 356 1531 Urbe
380 1470 542 1532 Coronides
565 1469 638 1531 vidit
660 1469 697 1530 ab
721 1472 785 1548 ipse
809 1487 881 1530 sua:

232 1558 272 1619 Ut
295 1558 374 1619 Sinis
398 1568 428 1621 et
451 1557 558 1618 Sciron
581 1567 611 1619 et
634 1575 702 1618 cum
725 1556 924 1636 Polypemone
948 1566 1053 1621 natus:

278 1645 395 1725 Quique
418 1645 506 1706 homo
529 1654 613 1724 parte
636 1647 684 1706 sui
696 1692 706 1726 ,
728 1652 814 1725 parte
836 1648 981 1707 iuvencus
1005 1653 1087 1708 erat:

235 1734 352 1812 Quique
375 1732 475 1794 trabes
497 1750 616 1812 pressas
638 1735 670 1794 in
688 1732 813 1794 humum
836 1732 972 1795 mittebat
994 1735 1026 1796 iu
1049 1753 1155 1816 auras,

167 1835 218 1883 410
277 1823 423 1901 Aequoris
446 1823 593 1901 aspiciens
616 1821 705 1883 huius
728 1828 759 1882 et
780 1820 870 1883 huius
893 1839 1002 1900 aquas:

233 1909 374 1989 Quaeque
398 1909 488 1971 Ceres
510 1909 588 1970 laeto
611 1909 684 1971 vidit
705 1912 861 1988 pereuntia
885 1909 967 1971 vultu

278 1997 408 2077 Corpora
431 1997 545 2057 Thesea
569 1997 737 2075 Cercyonea
759 2015 866 2059 manu.

234 2085 313 2146 llaec
336 2083 409 2165 tibi,
437 2102 526 2164 quem
549 2086 664 2145 meritis
686 2084 827 2162 precibus
852 2103 918 2146 mea
943 2084 1068 2147 devovet
1091 2088 1155 2166 ira,

277 2172 423 2233 Eveniant
435 2220 444 2253 ,
467 2181 518 2233 aut
540 2172 587 2233 his
608 2191 669 2232 non
693 2171 803 2233 leviora
826 2173 927 2234 malis:

167 2273 218 2323 415
234 2260 335 2332 Qualis
358 2259 590 2321 Achaemenides
613 2259 712 2321 Sicula
735 2260 872 2322 desertus
894 2263 926 2322 in
949 2260 1060 2344 Aetna,

278 2349 384 2409 Troica
407 2367 475 2409 cum
500 2348 572 2409 vidit
595 2347 658 2409 vela
680 2350 805 2429 venire,
829 2349 902 2411 luit:

234 2437 336 2509 Quahs
359 2443 424 2498 erat
446 2455 502 2497 nec
524 2454 584 2497 non
608 2436 726 2497 fortuna
749 2435 908 2498 binominis
930 2435 990 2517 Iri,

279 2525 411 2604 [Quique
434 2533 538 2586 tenent
559 2532 703 2603 pontem,
726 2542 802 2602 quae
824 2523 880 2585 tibi
901 2525 996 2585 maior
1019 2524 1111 2603 erit]

234 2613 327 2674 Filius
350 2622 381 2674 et
402 2613 521 2675 Cereris
544 2613 654 2674 trustra
676 2611 731 2672 tibi
753 2629 872 2691 semper
895 2620 1028 2694 ametur,
1112 2618 1157 2685 (ιο)

167 2713 219 2761 420
278 2701 484 2781 Destituatque
507 2710 574 2761 tuas
597 2718 693 2779 usque
715 2701 827 2779 petitus
851 2718 943 2778 opes:

235 2787 332 2866 thue
355 2807 409 2867 per
433 2788 562 2850 alternos
585 2788 663 2851 unda
685 2787 803 2849 labente
825 2804 968 2849 recursus

280 2874 471 2936 Subtrahitur
493 2895 597 2955 presso
620 2876 717 2937 mollis
740 2876 850 2938 harena
872 2874 959 2954 pedi,

237 2963 286 3026 Sic
309 2970 359 3024 tua
383 2966 484 3024 nescio
508 2982 565 3044 qua
588 2982 706 3044 semper
729 2965 848 3026 fortuna
871 2962 1034 3044 hquescat,

279 3051 433 3131 Lapsaque
456 3069 510 3130 per
531 3052 643 3113 medias
668 3052 769 3114 ellluat
791 3069 887 3131 usque
910 3068 1035 3114 manus.

170 3153 221 3202 425
237 3140 334 3220 thue
357 3150 442 3220 pater
464 3141 568 3202 solitae
588 3143 683 3203 varias
705 3149 821 3202 mutare
845 3140 973 3221 liguros,

279 3228 390 3291 Plenus
412 3231 575 3291 inextincta
598 3230 761 3291 destituare
785 3228 879 3288 lame.

236 3317 297 3378 Nec
321 3318 403 3397 dapis
426 3319 571 3380 humanae
596 3316 650 3378 tibi
673 3320 733 3378 sint
755 3315 894 3376 fastidia.
930 3331 1049 3393 quaque

280 3404 368 3467 Parte
391 3414 498 3487 potes,
522 3406 639 3485 Tydeus
662 3405 804 3483 temporis
828 3403 917 3465 hotius
940 3404 1020 3464 eris.

237 3493 334 3572 Atque
356 3493 466 3572 aliquid
489 3495 601 3574 facias,
624 3512 641 3554 a
663 3510 786 3572 vespere
810 3491 887 3553 Solis
910 3490 947 3553 ad
970 3498 1055 3553 ortus
