2386 3892
400 176 449 226 111.
468 186 481 226 1
497 177 665 228 lot-1111.
972 176 1035 242 169

165 339 221 400 Per
244 356 345 400 rerum
368 337 484 399 turbam
508 346 541 399 tu
565 356 684 418 quoquc
708 347 827 419 oportet
849 340 931 418 aas]

52 440 105 490 145
122 427 193 488 Cum
217 426 270 487 tibi
294 429 451 505 contigerit
474 426 586 487 vultum
610 427 732 487 lunonis
755 430 854 509 adire,

165 515 221 575 Fac
245 517 286 574 sis
311 533 478 594 personae,
502 533 590 593 quam
614 524 738 597 tueare,
761 535 893 578 memor.

120 604 180 664 Nec
203 604 313 664 lactum
337 602 461 663 defende
481 621 601 663 meum.
639 604 713 664 mala
731 623 820 666 causa
837 605 950 666 silenda
973 615 1034 667 est.

163 692 211 751 Nil
234 694 291 751 nisi
315 691 457 751 sollicitae
481 693 540 751 sint
563 701 613 751 tua
636 692 725 752 verba
748 712 869 771 preces.

119 780 195 840 l'um
218 779 346 839 lacrimis
366 778 508 839 demenda
532 797 613 839 mora
633 788 695 854 est,
719 784 934 861 summissaque
956 791 1035 843 terra

54 880 105 929 160
163 868 206 927 Ad
230 886 290 928 non
313 868 444 927 mortalis
467 866 586 927 brachia
611 867 697 928 tende
720 868 829 948 pedes.

120 956 195 1016 Turn
218 963 286 1034 pete
310 956 352 1015 nil
375 954 476 1035 aliud,
500 973 587 1016 saevo
610 958 668 1016 nisi
691 956 728 1017 ab
751 957 835 1018 hoste
859 958 1013 1020 recedam:

163 1044 286 1104 Hostem
309 1044 458 1103 fortunam
482 1045 521 1104 sit
543 1045 615 1105 satis
639 1062 704 1105 esse
728 1045 817 1106 milri.

120 1132 207 1192 Plura
231 1131 351 1210 quidem
375 1131 523 1192 subeunt:
560 1132 611 1192 sed
636 1131 800 1194 disturbata
824 1137 930 1196 timore

164 1219 243 1280 Haec
267 1237 386 1298 quoque
410 1222 457 1279 vir
480 1223 593 1298 poteris
617 1238 687 1281 roca
712 1231 856 1283 tremente
879 1223 977 1302 loqui.

58 1320 106 1369 155
121 1307 263 1386 Suspicor
287 1307 343 1366 hoc
367 1307 473 1367 damno
496 1308 560 1367 fore
583 1325 643 1367 non
666 1309 742 1370 tibi.
782 1312 890 1371 sentiet
913 1310 962 1370 illa

164 1395 205 1455 Te
229 1398 412 1455 maiestatem
435 1397 625 1474 pertimuisse
649 1414 749 1457 suam.

120 1483 180 1544 Nec
204 1492 253 1543 lua
277 1486 302 1542 si
326 1483 396 1543 llctu
421 1483 594 1543 scindentur
618 1484 727 1563 rerba,
751 1484 886 1546 nocebit.

164 1571 316 1630 Interdum
339 1571 475 1631 lacrimae
499 1571 630 1648 pondera
653 1575 733 1633 vocis
755 1572 882 1634 habent.

121 1658 183 1718 Lux
207 1661 295 1719 etiam
319 1662 431 1736 coeptis
455 1660 542 1719 lacilo
566 1658 642 1719 bona
665 1659 773 1721 talibus
797 1662 890 1741 adsit,

59 1760 107 1809 160
166 1747 302 1825 lloraque
326 1748 505 1806 conveniens
529 1749 753 1827 auspiciumque
776 1749 894 1810 sarens.

122 1835 179 1895 Sed
203 1837 286 1913 prius
309 1836 446 1912 imposito
470 1836 579 1895 sanctis
602 1835 743 1896 altaribus
765 1839 826 1915 igni

166 1924 245 1983 Tura
269 1923 314 1982 ser
337 1923 372 1982 ad
396 1940 517 2001 magnos
541 1925 666 2002 vinaque
690 1942 764 2002 pura
788 1926 879 1986 deos.

124 2012 160 2088 [E
185 2010 292 2089 quibus
316 2020 383 2070 ante
406 2014 502 2071 omnis
525 2011 690 2090 Augustum
714 2031 824 2073 numen
848 2014 954 2095 adora,

165 2100 399 2177 Progeniemque
423 2101 523 2179 piam,
546 2103 779 2180 participemque
802 2101 891 2180 tori.]

60 2200 108 2248 165
124 2187 188 2248 Sint
211 2190 324 2247 utinam
348 2189 434 2247 mites
458 2188 544 2248 solito
567 2188 620 2248 tibi
644 2208 748 2267 more,
772 2199 896 2268 tuusque
993 2203 1037 2255 (rs)

166 2275 231 2336 Non
255 2275 338 2335 duris
361 2274 496 2335 lacrimas
520 2274 650 2336 vultibus
673 2277 833 2356 aspiciant!

514 2469 558 2542 Π.

124 2625 216 2696 Quam
240 2626 313 2704 legis
336 2645 352 2687 a
375 2627 461 2688 nobis
485 2630 603 2690 missam
627 2627 702 2707 tibi,
726 2626 811 2688 Cotta
824 2674 833 2708 ,
856 2628 998 2710 salutem,

167 2715 255 2774 llissa
279 2718 318 2775 sit
340 2724 375 2776 ut
396 2734 466 2776 rere
489 2720 698 2795 pervigeatque
711 2764 720 2796 ‚
743 2734 866 2795 precor.
951 2766 953 2770 .

123 2801 255 2881 Namque
279 2807 352 2863 meis
375 2821 478 2881 sospes
502 2804 627 2865 multum
650 2805 832 2866 cruciatibus
855 2807 971 2888 aufers,

167 2889 263 2968 thue
288 2894 378 2951 sitin
402 2892 487 2952 nobis
510 2910 579 2971 pars
602 2893 679 2953 bona
702 2894 800 2975 salva,
822 2896 911 2956 lacis.

93 2976 255 3056 ndumque
280 2978 380 3040 labent
402 2980 514 3059 aliqui,
536 2983 701 3061 iactataque
725 2983 788 3042 vela
812 2982 998 3062 relinquant,

166 3066 211 3125 Tu
235 3066 348 3127 lacerae
372 3084 508 3128 remanes
531 3086 638 3129 ancora
662 3070 723 3130 sola
746 3072 821 3130 rati.

122 3152 210 3214 Grata
233 3163 282 3214 lua
306 3162 353 3215 est
374 3157 464 3232 igitur
487 3159 603 3236 pietas.
644 3160 825 3235 ignoscimus
848 3154 923 3235 illis,

166 3241 224 3312 Qui
248 3260 316 3303 cnm
339 3243 458 3303 lortrura
479 3252 562 3323 terga
586 3243 694 3304 dedere
719 3245 821 3321 fugae.

121 3329 194 3391 Cum
218 3331 326 3390 feriant
348 3349 464 3411 uuum,
487 3350 546 3392 non
570 3349 663 3391 uinum
686 3329 809 3390 fulmina
830 3337 962 3407 terrent,

76 3428 107 3476 10
167 3417 330 3497 Iunctaque
354 3436 497 3497 percusso
520 3417 607 3479 turba
632 3435 738 3495 pavere
762 3417 853 3478 solet.

122 3498 256 3585 Cumque
281 3505 362 3567 dedit
385 3508 484 3585 paries
507 3513 649 3566 venturae
673 3508 756 3583 signa
779 3508 900 3587 ruinae,
