2386 3892
442 181 464 232 1.
484 192 542 234 vm
558 183 651 233 1-70.
990 179 1053 245 139

93 355 122 406 55
135 344 219 406 Nune
237 343 320 423 lora,
338 361 417 405 nune
436 342 541 425 aedes,
560 360 640 404 nuno
659 360 806 405 marmore
824 348 904 405 tecta
921 343 1054 426 theatra,

177 430 264 493 Nune
288 431 369 492 subit
391 439 513 510 aequata
535 433 669 510 porticus
693 432 919 493 omnishomo.

135 520 273 582 Gramina
297 537 375 580 nunc
400 518 502 598 Campi
526 518 667 598 pulchros
694 522 855 599 spectantis
875 523 909 581 in
931 520 1053 601 hortos,

180 607 348 686 stagnaque
372 614 402 668 et
425 608 543 689 euripi,
566 605 782 687 Virgineusque
805 607 920 688 liquor.

135 697 171 757 dt
183 742 193 778 ,
215 703 312 775 puto,
336 697 378 756 sic
401 693 489 756 Urbis
512 697 621 756 misero
645 703 691 757 est
713 704 815 774 erepta
838 696 991 778 voluptas,

93 796 123 847 to
179 783 319 854 Quolibet
341 791 375 844 ut
397 783 502 844 saltem
524 800 595 844 rure
618 784 677 844 lrui
700 780 813 844 liceat?

135 872 199 933 Non
223 890 308 934 meus
331 873 455 932 amissos
477 873 592 932 animus
616 871 764 932 desiderat
787 889 895 953 agros,

178 960 319 1039 Ruraque
342 959 479 1039 Paeligno
503 958 712 1039 conspicienda
734 959 816 1040 solo,

135 1048 196 1110 Nee
221 1066 296 1128 quos
319 1049 455 1127 piniferis
477 1050 590 1127 positos
613 1051 643 1109 in
668 1047 792 1110 collibus
817 1048 921 1110 hortos
1011 1059 1054 1113 (²⁹)

180 1135 302 1216 Spectat
324 1134 483 1196 Flaminiae
507 1135 606 1197 Clodia
628 1138 729 1198 iuncta
752 1139 833 1218 viae,
951 1135 953 1140 ’

94 1235 123 1285 tt
138 1224 217 1295 Quos
242 1243 296 1304 ego
320 1226 421 1285 nescio
445 1226 493 1285 oui
516 1224 617 1307 colui,
640 1224 748 1303 quibus
771 1227 835 1303 ipse
859 1222 989 1285 solebam

180 1311 223 1375 Ad
247 1321 309 1374 sata
332 1313 467 1374 fontanas
479 1358 488 1392 ,
512 1330 567 1373 neo
590 1312 703 1392 pudet,
727 1312 836 1373 addere
859 1330 966 1390 aquas:

138 1399 213 1462 Sunt
235 1400 304 1480 ubi,
324 1403 349 1461 si
368 1403 486 1482 vivunt,
505 1408 607 1461 nostra
625 1418 744 1480 quoque
763 1402 877 1461 consita
896 1399 1055 1481 quaedam,

181 1487 240 1550 Sed
262 1506 322 1549 non
346 1497 376 1550 et
398 1497 499 1550 nostra
521 1506 608 1568 poma
631 1487 754 1568 legenda
777 1505 884 1549 manu.

137 1576 193 1638 Pro
217 1577 327 1657 quibus
350 1579 465 1638 amissis
488 1579 601 1638 utinam
625 1579 797 1656 contingere
814 1578 914 1656 'possit

97 1674 126 1726 to
180 1663 235 1726 Hie
258 1664 362 1726 saltem
384 1665 510 1744 profugo
532 1663 635 1744 glaeba
658 1664 779 1727 colenda
802 1663 892 1726 mibi!

139 1752 203 1831 lpse
228 1770 282 1832 ego
305 1752 484 1833 pendentis,
508 1753 594 1814 licoat
617 1753 727 1834 modo,
750 1771 825 1832 rupe
849 1752 993 1834 capellas,

181 1840 247 1921 lpse
271 1840 357 1902 velim
381 1840 487 1902 baculo
509 1858 631 1919 pascere
655 1844 742 1902 nixus
764 1859 851 1902 oves.

138 1927 203 2008 lpse
226 1946 304 2009 ego,
326 1946 364 1989 ne
388 1928 483 1990 solitis
505 1931 645 1990 insistant
666 1936 787 2009 pectora
811 1931 910 2011 curis,

180 2015 292 2077 Ducam
315 2016 459 2078 ruricolas
483 2017 538 2078 sub
561 2019 629 2096 iuga
652 2034 743 2078 curva
765 2015 874 2099 boves,

99 2115 126 2163 tt
139 2103 175 2166 Et
198 2105 309 2166 discam
333 2104 428 2166 Getici
451 2122 527 2184 quae
550 2114 662 2168 norunt
683 2105 773 2166 rerba
796 2106 931 2184 iuvenci,

181 2192 326 2254 Adsuetas
349 2192 407 2254 illis
431 2193 614 2272 adiciamque
637 2195 749 2254 minas.

140 2278 204 2360 lpse
227 2299 315 2342 monu
340 2280 477 2360 capulum
501 2283 597 2360 pressi
619 2281 789 2342 moderatus
812 2282 903 2343 aratri

181 2368 325 2448 Experiar
348 2377 427 2430 mota
450 2385 589 2448 spargere
613 2384 714 2428 semen
737 2367 846 2428 humo.

138 2455 198 2518 Nee
222 2456 355 2518 dubitem
378 2457 473 2536 longis
496 2473 624 2536 purgare
648 2453 945 2538 ligonibusherbas‚

98 2554 126 2606 to
182 2543 221 2606 Et
238 2545 309 2605 dare
327 2547 385 2606 iam
404 2547 508 2606 sitiens
527 2561 600 2623 quas
618 2542 701 2604 bibat
718 2541 840 2623 hortus,
860 2559 967 2621 aquas.
1014 2575 1055 2586 —

139 2631 221 2693 Unde
246 2631 298 2694 sed
321 2632 378 2694 hoo
401 2632 504 2713 nobis,
528 2634 683 2693 minimum
701 2647 777 2710 quos
795 2632 874 2693 inter
893 2639 923 2691 et
940 2630 1056 2692 hostem

181 2720 346 2781 Discrimen
368 2739 473 2782 murus
496 2720 654 2800 clausaque
676 2726 763 2799 porta
785 2715 881 2781 lacit?

137 2807 175 2868 dt
197 2808 252 2869 tibi
276 2811 431 2891 nascenti,
454 2808 533 2887 quod
557 2816 618 2870 toto
641 2815 763 2889 peotore
786 2807 897 2890 laetor,

181 2895 297 2957 Nerunt
319 2896 421 2958 fatales
445 2896 533 2957 lortia
555 2896 603 2957 fila
626 2896 715 2959 deae.

88 2990 124 3044 55
138 2983 179 3045 Te
203 2983 290 3045 modo
319 3002 441 3065 eampus
468 2982 586 3066 habet,
606 2984 698 3048 densa
724 2985 812 3048 modo
835 2986 969 3065 porticus

483 3090 484 3093 ’
685 3072 809 3135 umbra:
890 3085 894 3093 ·
975 3075 1057 3134 'oo

181 3159 267 3221 Nunc
280 3208 289 3242 ,
313 3162 344 3222 in
368 3178 427 3241 quo
450 3163 537 3239 ponis
561 3168 695 3242 tempora
718 3178 803 3242 5555,
825 3161 941 3220 lorum.
1012 3156 1015 3163 '

138 3247 258 3309 Umbria
281 3266 362 3310 nuno
384 3257 526 3332 revocat,
549 3268 604 3311 neo
628 3268 687 3311 non
709 3247 821 3308 Albana
844 3253 996 3325 potentem

183 3337 276 3416 Appia
299 3338 426 3399 ferventi
449 3337 532 3399 ducit
554 3341 586 3398 ln
609 3354 677 3397 arva
700 3341 782 3396 rota.

138 3423 274 3486 Forsitan
297 3425 347 3487 hio
370 3434 477 3505 optes,
501 3434 535 3488 ut
557 3427 665 3486 iustam
689 3424 853 3502 supprimat
875 3419 951 3484 iram

86 3520 126 3573 70
184 3512 313 3594 Caesar,
337 3521 367 3575 et
390 3514 552 3592 hospitium
575 3515 614 3574 sit
636 3520 687 3574 tua
710 3509 776 3572 villa
799 3529 916 3574 meum.
