2386 3892
421 197 469 247 111.
487 209 525 248 111
539 200 660 251 46-1111
675 202 698 251 7.

148 361 228 422 Pone
253 369 350 421 metus
372 362 485 439 igitur:
518 363 652 423 mitescet
675 361 809 422 Caesaris
831 364 892 443 ira,

192 448 229 507 Et
252 451 350 509 veniet
372 451 448 508 votis
471 447 586 508 mollior
609 449 682 510 hora
706 453 782 510 tuis.

98 551 133 600 85
148 538 226 598 Neve
255 555 366 597 moram
395 539 521 618 timeas,
549 546 687 618 tempus,
716 538 794 617 quod
824 541 1010 622 quaerimus,

693 629 800 707 instat,

192 714 363 791 Cunctaque
387 712 513 774 laetitiae
538 714 623 791 plena
648 715 814 792 triumphus
837 715 942 776 babet.

148 803 224 863 Dum
248 802 353 862 domus
377 809 406 861 et
430 804 511 874 nati,
535 802 605 863 dum
629 811 722 862 mater
746 801 826 862 Livia
848 803 975 885 gaudet,
1021 816 1065 868 (⁸⁸)

192 891 266 951 Dum
290 889 421 968 gaudes,
445 893 556 968 patriae
581 908 684 968 magne
709 890 852 970 ducisque
875 901 976 970 pater:

147 981 226 1039 Dum
250 978 306 1038 sibi
330 987 462 1056 gratatur
485 979 612 1057 populus
625 1025 635 1058 ,
658 987 808 1058 totamque
832 998 887 1058 per
911 979 1020 1040 Urbem

100 1081 134 1128 90
192 1067 295 1127 Omnis
318 1067 448 1126 odoratis
471 1067 588 1145 ignibus
612 1086 662 1128 ara
685 1067 777 1147 calet,

150 1157 224 1217 llum
248 1155 349 1215 faciles
373 1155 469 1215 aditus
493 1155 615 1234 praebet
637 1155 804 1216 venerabile
828 1156 988 1236 templum,

194 1243 377 1323 Sperandum
402 1252 448 1303 est
470 1252 587 1303 nostras
610 1261 697 1323 posse
720 1243 816 1304 valere
840 1262 946 1323 preces
957 1239 975 1303 .'

149 1333 227 1392 Dixit
240 1381 248 1411 ‚
272 1341 301 1392 et
324 1340 375 1392 aut
397 1331 445 1390 ille
470 1340 515 1390 est
538 1338 643 1392 tenues
667 1331 797 1409 dilapsus
819 1333 851 1391 in
874 1349 978 1412 auras,

194 1421 363 1498 Coeperunt
386 1437 492 1479 sensus
515 1428 566 1480 aut
589 1417 709 1498 vigilare
732 1421 807 1479 mei.

102 1521 135 1569 95
152 1509 182 1568 Si
205 1508 359 1587 dubitem,
383 1509 479 1567 faveas
504 1510 575 1586 quin
598 1507 645 1567 his
658 1555 666 1585 ‚
690 1525 707 1566 o
730 1507 876 1589 Maxime,
901 1507 1006 1588 dictis,

193 1597 359 1656 blemnonio
383 1613 490 1674 cycnos
514 1614 579 1655 esse
603 1595 701 1656 colore
724 1603 841 1674 putem.

150 1684 207 1745 Sed
230 1702 327 1762 neque
351 1692 481 1743 mutatur
504 1685 587 1762 nigra
609 1687 675 1762 pice
699 1684 811 1744 lacteus
834 1702 937 1764 umor,

193 1772 254 1832 Nec
267 1818 275 1852 ‚
300 1771 378 1849 quod
402 1779 465 1831 erat
489 1772 640 1852 candens,
663 1773 696 1833 lit
718 1772 905 1833 terebinthus
929 1772 1020 1833 ebur.

151 1860 333 1920 Conveniens
357 1861 453 1919 animo
477 1878 570 1938 genus
594 1868 640 1921 est
662 1859 738 1921 tibi.
780 1861 876 1921 nobile
900 1879 1027 1940 namque

87 1963 135 2011 tuo
193 1949 301 2009 Pectus
324 1957 354 2007 et
375 1947 538 2008 Herculeae
562 1948 756 2027 simplicitatis
779 1948 887 2010 habes.

149 2037 258 2116 Livor,
281 2039 362 2096 iners
385 2038 510 2110 vitium,
534 2054 632 2097 mores
655 2056 714 2098 non
739 2039 799 2097 exit
821 2039 852 2097 in
875 2036 966 2118 altos,

193 2124 289 2203 thue
313 2124 407 2184 latens
430 2127 486 2183 ima
511 2126 611 2203 vipera
633 2127 726 2204 serpit
749 2125 856 2186 humo.

150 2214 232 2273 Mens
256 2223 305 2272 tua
329 2211 463 2272 sublimis
487 2231 576 2291 supra
598 2231 693 2291 genus
716 2215 826 2273 eminet
847 2215 962 2291 ipsum,

194 2300 339 2360 Grandius
362 2302 480 2378 ingenio
504 2318 559 2359 nec
583 2299 637 2359 tibi
660 2318 768 2359 nomen
790 2303 885 2360 inest.

89 2402 136 2451 105
151 2390 228 2467 Ergo
252 2388 301 2448 alii
324 2398 450 2448 noceant
474 2389 611 2467 miseris,
635 2396 796 2465 optentque
820 2388 936 2464 timeri,

194 2477 357 2556 Tinctaque
380 2476 510 2536 mordaci
533 2473 646 2554 spicula
669 2473 735 2533 lelle
759 2482 880 2551 gerant.

150 2567 187 2627 At
209 2576 258 2627 tua
283 2565 465 2643 supplicibus
489 2563 593 2624 domus
617 2572 663 2623 est
685 2561 807 2622 adsueta
829 2559 980 2641 iuvandis,

194 2654 227 2714 ln
251 2671 378 2732 quorum
401 2670 525 2712 numero
549 2670 619 2733 me,
641 2668 769 2732 precor,
793 2667 858 2710 esse
880 2648 969 2711 vebs.

525 2844 607 2918 IIII.

150 3007 228 3068 llaec
252 3006 305 3068 tibi
328 3024 387 3066 non
410 3023 514 3066 vanam
536 3007 683 3084 portantia
706 3003 795 3065 verba
818 3003 943 3063 salutem
1023 3011 1066 3063 (⁸⁹)

194 3096 270 3155 Naso
294 3095 447 3155 Tomitana
469 3096 560 3154 mittit
583 3093 619 3153 ab
642 3092 716 3153 urbe
740 3101 828 3170 tuus3

151 3183 247 3262 thue
272 3202 326 3246 suo
351 3184 446 3243 laveas
470 3183 609 3260 mandat,
633 3180 760 3256 liuline,
783 3174 963 3253 Triumpho:

196 3271 229 3332 ln
252 3279 365 3332 vestras
389 3273 469 3331 venit
491 3273 517 3330 si
539 3279 638 3330 tamen
661 3266 708 3325 ille
732 3281 853 3334 manus.

121 3359 205 3420 oEst
228 3378 302 3438 opus
326 3361 465 3437 exiguum
488 3360 653 3434 vestrisque
677 3350 828 3430 paratibus
850 3351 955 3427 inpar:

196 3447 287 3518 Quale
311 3455 409 3507 tamen
433 3464 560 3524 cumque
585 3450 652 3520 est,
675 3449 709 3500 ut
731 3449 856 3514 tueare,
879 3454 967 3516 rogo.

151 3535 248 3595 Firma
268 3534 365 3594 valent
382 3551 436 3612 per
460 3551 510 3612 se,
533 3531 706 3608 nullumque
724 3527 883 3589 llacbaona
902 3532 1065 3606 quaerunt.
