2386 3892
136 545 248 607 Littera
272 561 478 625 quaecumque
502 551 548 605 est
570 551 633 605 toto
656 543 711 606 tibi
732 544 808 606 lecta
831 542 949 627 libello,

135 632 189 694 Es't
212 632 287 694 mihi
310 632 436 694 sollicito
459 640 593 711 tompore
617 631 693 693 iacta
716 635 788 695 viae.
1032 648 1035 655 ⁴

135 721 194 782 Aut
211 721 287 783 haec
306 739 372 802 me,
390 719 486 799 gelido
504 728 664 781 tremerem
683 737 751 782 cum
765 738 867 782 mense
886 720 1057 802 Decembri,

136 807 327 870 Scribentem
350 809 454 869 mediis
477 806 586 868 Hadria
608 807 681 869 vidit
704 810 807 886 aquis:

104 896 216 977 cnut,
234 905 392 976 postquam
411 894 554 956 bimarem
573 913 663 956 cursu
683 897 887 975 superavimus
906 896 1057 978 Isthmon,

136 984 299 1063 Alteraque
322 993 369 1045 est
391 991 510 1045 nostrae
534 991 650 1062 sumpta
674 986 773 1044 carina
795 983 899 1065 fugae,

137 1071 224 1142 Quod
248 1072 379 1133 iacerem
401 1089 505 1133 versus
528 1073 606 1132 iuter
629 1072 692 1133 iera
715 1089 867 1134 murmura
888 1076 990 1154 ponti,

135 1158 278 1238 Cycladas
300 1161 433 1239 Aegaeas
455 1159 633 1238 obstipuisse
657 1167 747 1239 puto.

134 1246 201 1325 lpse
226 1265 281 1326 ego
305 1264 384 1308 nunc
408 1250 499 1307 miror
522 1249 612 1308 tantis
634 1249 783 1326 animique
807 1249 955 1326 marisque

91 1346 124 1394 10
139 1334 296 1396 Fluctibus
318 1337 471 1414 ingenium
494 1352 553 1395 non
577 1335 719 1395 cecidisse
743 1352 859 1395 meum.

137 1421 198 1482 Seu
222 1430 328 1503 stupor
351 1421 421 1483 huic
444 1422 564 1503 studio,
588 1424 649 1483 sive
674 1429 720 1482 est
742 1424 854 1482 insania
877 1440 1003 1504 nomen,

137 1510 242 1571 Omnis
266 1510 302 1570 ab
325 1510 380 1570 hac
404 1527 475 1570 cura
498 1528 583 1570 mens
606 1509 734 1571 relevata
755 1528 821 1570 mea
844 1517 907 1570 est.

137 1596 232 1677 Saepe
257 1615 312 1676 ego
334 1597 478 1658 nimbosis
501 1597 609 1659 dubius
632 1597 760 1659 iactabar
783 1597 818 1659 ab
842 1597 968 1681 Haedis,

138 1685 233 1765 Saepe
257 1687 355 1745 minax
379 1684 520 1766 Steropes
544 1685 641 1746 sidere
663 1694 772 1765 pontus
796 1695 876 1767 crat,

89 1784 121 1832 15
138 1771 345 1852 Fuscabatque
369 1775 446 1834 diem
470 1781 571 1834 custos
595 1772 822 1853 Erymanthidos
845 1793 951 1858 ursae,

139 1863 198 1922 dut
220 1859 337 1939 Hyadas
361 1863 437 1922 seris
459 1860 599 1922 hauserat
621 1870 721 1922 auster
744 1866 845 1943 aquis,

137 1947 232 2028 Saepe
256 1950 346 2009 maris
368 1966 438 2028 pars
460 1951 542 2010 intus
565 1956 648 2010 erat.
678 1957 777 2010 tamen
799 1953 862 2029 ipse
887 1952 1026 2011 trementi

138 2035 276 2096 Carmina
299 2035 443 2097 ducebam
465 2036 690 2117 qualiacumque
714 2056 819 2099 manu.

136 2122 223 2184 Nunc
246 2142 366 2203 quoque
389 2127 521 2185 contenti
544 2124 675 2186 stridunt
697 2125 833 2205 aquilone
855 2126 1016 2208 rudentes,

88 2222 123 2271 20
137 2210 231 2291 lnque
254 2211 376 2273 modum
399 2212 505 2273 tumuli
528 2229 654 2273 concava
678 2217 774 2292 surgit
795 2230 879 2292 aqua.

139 2298 206 2379 lpse
231 2298 413 2378 gubernator
435 2299 541 2361 tollens
565 2299 600 2360 ad
624 2300 721 2360 sidera
744 2300 854 2379 palmas

137 2385 282 2467 Exposuit
303 2390 402 2468 votis,
424 2389 571 2448 inmemor
594 2390 687 2467 artis,
711 2405 813 2465 opem.
881 2460 882 2471 χ

140 2475 335 2554 Quocumque
359 2478 482 2557 aspexi,
504 2474 578 2536 nihil
602 2481 648 2535 est
671 2475 728 2533 nisi
751 2477 854 2535 mortis
877 2475 991 2553 imago,

140 2562 236 2633 Quam
259 2562 349 2623 dubia
371 2566 461 2625 timeo
485 2571 607 2644 mente,
629 2564 795 2638 timensque
818 2578 942 2640 precor.

92 2659 126 2709 to
140 2650 275 2730 dttigero
298 2660 440 2732 portum,
463 2659 552 2731 portu
576 2648 712 2711 terrebor
735 2647 770 2708 ab
794 2650 877 2727 ipso:

139 2737 211 2798 Plus
234 2737 325 2800 habet
347 2740 454 2800 intesta
476 2747 557 2800 terra
580 2739 695 2798 timoris
718 2754 811 2816 aqua.

138 2824 211 2886 Nam
235 2826 324 2887 simul
346 2827 461 2888 insidiis
484 2827 637 2887 hominum
659 2824 813 2905 pelagique
837 2824 955 2909 laboro,

138 2912 177 2973 Et
199 2913 313 2975 iaciunt
334 2917 468 2993 geminos
491 2916 571 2975 ensis
594 2921 625 2974 et
648 2913 726 2974 unda
749 2922 862 2975 metus.

137 2999 190 3061 llle
214 3019 281 3063 meo
303 3020 409 3064 vereor
431 3020 468 3062 ne
492 3008 592 3080 speret
615 3003 757 3079 sanguine
779 3002 936 3083 praedam,

92 3099 124 3148 30
138 3087 218 3150 llaec
226 3089 361 3151 -titulum
383 3096 502 3150 nostrae
525 3091 629 3149 mortis
652 3087 761 3149 babere
786 3090 870 3150 velit.

138 3175 268 3238 Barbara
290 3196 359 3258 pars
381 3177 462 3238 laeva
485 3183 531 3237 est
553 3176 712 3255 avidaeque
735 3176 856 3236 adsueta
879 3176 1015 3255 rapinae,

139 3263 234 3334 Quam
258 3283 348 3326 cruor
371 3273 401 3327 et
423 3264 528 3325 caedes
550 3262 685 3343 bellaque
709 3280 825 3341 semper
848 3260 974 3320 habent.

141 3351 275 3432 Cumque
299 3356 338 3414 sit
360 3351 493 3414 hibernis
516 3353 657 3430 agitatum
680 3347 820 3409 ductibus
842 3364 971 3430 aequor,

141 3439 267 3502 Pectora
290 3449 361 3502 sunt
382 3443 447 3520 ipso
471 3438 636 3500 turbidiora
658 3438 749 3496 mari.

95 3538 126 3588 35
141 3527 206 3599 Quo
230 3531 323 3607 magis
346 3528 392 3589 bis
416 3525 506 3588 debes
528 3528 705 3604 ignoscere,
728 3522 850 3609 candide
873 3524 984 3603 lector,
