2386 3892
134 180 226 236 XVIII

135 347 287 424 mitatum,
314 348 349 405 ut
375 345 467 403 habet
494 344 634 403 Pacatus:
662 343 693 402 in
716 343 814 404 Fastis
842 344 915 404 satis
941 345 1084 421 frequens
1112 346 1144 404 id

61 498 63 502 ,
136 453 229 511 genus
258 435 541 509 supplementorum.
593 451 621 492 v.
646 434 708 492 292
733 432 812 508 quod
834 432 925 509 edidi,
952 433 1052 509 potuit
1078 433 1144 510 ipse

137 522 333 598 interpolator
350 521 513 596 praeferre:
533 520 680 595 explorati
697 519 772 578 nihil
786 523 839 581 est.
889 541 916 581 v.
932 522 997 582 434
1013 520 1145 596 Oelee'pce

137 610 216 684 dedi,
248 610 326 685 quod
352 628 412 668 non
438 609 586 681 videbam,
617 627 674 684 quo
701 607 788 668 modo
811 609 981 684 Harpalyce
1009 609 1059 669 vel
1081 609 1145 670 filio

135 700 184 757 vel
200 699 299 756 fratre
322 697 501 772 interempto
523 699 583 755 555
604 699 733 755 nominis
755 697 975 772 complanent:
1003 701 1144 772 deposito

139 804 199 844 non
222 785 258 844 de
281 803 385 843 mensa
407 784 544 860 apposita
565 784 795 860 interpretabar,
820 784 872 843 sed
895 787 931 843 de
954 785 1013 845 alio
1038 787 1145 861 quovis

136 873 216 933 vitae
243 873 424 948 discrimine,
452 873 500 932 cui
528 872 659 931 obiectus
687 891 761 948 puer
788 875 819 932 et
842 873 925 932 velut
947 873 1145 949 interpositus

136 961 251 1020 fnisset.
306 960 481 1036 Demophon
513 959 593 1019 Celei
625 959 703 1018 filius
734 960 814 1036 apud
844 960 1060 1036 Apollodorum
1083 962 1100 1020 I
1124 964 1143 1021 5

138 1049 331 1124 comburitur,
349 1048 419 1125 quia
438 1067 521 1107 soror
534 1049 662 1106 elamore
677 1048 795 1107 sublato
809 1051 868 1108 otoo
881 1051 1011 1109 neminie
1024 1055 1145 1124 tempto

137 1143 225 1197 oerot.
281 1137 316 1195 de
344 1136 493 1195 locutione
515 1136 580 1211 ipsa
603 1137 659 1195 hae
681 1154 740 1197 555
761 1136 974 1213 dubitaverim,
998 1137 1052 1196 sed
1073 1157 1145 1213 pen-

84 1215 86 1220 ’
137 1228 266 1285 tameter
295 1225 328 1283 in
354 1243 387 1283 re
416 1224 545 1282 absurda
576 1224 746 1282 duriuscule
776 1225 885 1299 utItur,
919 1219 963 1284 ‘tn
996 1225 1036 1284 sis
1068 1220 1144 1294 ille',

139 1332 197 1391 qua
214 1314 411 1389 interpolator
434 1312 524 1372 etiam
548 1314 610 1373 509
635 1314 709 1371 443.
762 1331 816 1371 555
838 1312 916 1388 quod
940 1315 1004 1373 492
1029 1313 1146 1373 editum

138 1405 184 1460 est
212 1402 307 1462 multo
331 1401 440 1460 rectius
463 1401 567 1476 habet,
600 1419 688 1477 quarn
716 1399 794 1476 quod
815 1400 954 1459 falsarius
978 1419 1027 1476 eo,
1054 1421 1145 1477 quem

137 1489 259 1548 Ellisius
287 1489 441 1564 indicavit,
469 1507 557 1547 sensu
585 1488 717 1562 scripsit:
748 1489 827 1563 apud
853 1488 939 1547 illum
968 1507 1063 1562 oquae
1088 1509 1144 1564 pro

137 1578 261 1652 rupibus
290 1580 343 1635 aut
371 1576 431 1634 aris
454 1575 550 1634 dictae
574 1576 739 1649 offendunt,
766 1579 880 1635 nemine
906 1580 1000 1650 coepit
1022 1575 1144 1637 Ovidiu-

137 1684 208 1722 5555
235 1682 295 1723 555
322 1671 375 1722 est.
429 1663 561 1738 proximo
589 1682 677 1722 versu
704 1664 765 1723 Nec
791 1664 927 1740 intellegi
948 1664 1087 1723 volebam
1110 1669 1146 1724 ut

137 1752 208 1811 Met.
232 1751 258 1808 V
279 1754 313 1827 33
336 1769 371 1810 ac
393 1752 472 1827 quod
494 1751 572 1809 infra
595 1754 640 1810 est
660 1753 721 1811 559
744 1754 808 1811 560
831 1750 936 1811 eodem
955 1770 1052 1828 sensu,
1074 1771 1145 1812 cum

138 1841 193 1899 hoc
223 1859 258 1898 ex
284 1839 388 1897 eodem
411 1838 560 1899 Ciceronis
591 1840 655 1899 loco
682 1839 786 1898 inferri
812 1841 922 1915 potuIt:
955 1841 1008 1899 sed
1034 1842 1146 1900 necin

139 1928 277 1986 Tiberino
306 1929 370 1987 514
398 1927 480 1985 aliud
508 1946 594 2003 quam
622 1931 750 1987 mortem
772 1928 923 1987 recensuit
944 1928 1040 1988 homo.
1097 1947 1145 1988 re-

139 2019 221 2075 stant
251 2015 356 2091 igitur,
389 2034 513 2090 quarum
541 2015 638 2073 minus
668 2016 833 2090 paeniteat,
866 2016 1051 2074 coniecturae
1079 2019 1144 2076 tres

138 2105 186 2163 vel
214 2106 363 2178 quattuor.
418 2122 445 2163 v.
471 2105 534 2162 140
561 2106 697 2161 lmoeone's
719 2103 781 2162 sive
804 2107 836 2162 in
857 2107 953 2163 maon
974 2104 1062 2178 pauci
1085 2105 1146 2164 mei

139 2192 208 2250 libri
244 2191 402 2250 habebant.
457 2189 638 2249 Schraderus
674 2190 872 2266 adscripserat
908 2185 1042 2250 ‘videtur
1079 2211 1144 2252 ccr-

139 2282 261 2353 ruptum
286 2325 291 2336 .
315 2278 352 2336 de
379 2278 447 2338 rivo
475 2278 539 2354 agit
565 2279 604 2337 ad
630 2297 658 2338 v.
688 2273 771 2338 161'.
825 2279 967 2338 correctio
994 2298 1055 2338 non
1082 2281 1146 2340 vio-

138 2368 228 2428 lenta.
282 2385 309 2426 v.
334 2369 396 2426 357
420 2366 576 2442 Intellege,
605 2360 642 2425 ‘si
665 2367 712 2425 cni
733 2366 806 2425 facis
829 2367 942 2442 ignem,
970 2369 1075 2426 ardeat
1100 2387 1145 2444 eo,

138 2475 196 2532 quo
220 2449 354 2515 Canace'.
407 2457 503 2528 fucere
528 2472 642 2514 5555555
663 2457 710 2513 est
732 2454 812 2513 Fast.
835 2455 880 2512 III
906 2456 954 2528 18,
977 2458 1073 2528 facere
1097 2459 1147 2516 de-

139 2546 240 2611 lerem,
272 2545 457 2619 dese'dere'um,
488 2545 578 2609 irem,
610 2545 739 2600 timorem
764 2542 909 2620 vulgaria.
962 2562 990 2604 ν.
1019 2545 1083 2603 512
1113 2544 1147 2602 in

138 2632 283 2690 librorum
306 2632 454 2706 scriptura
471 2631 561 2689 Stella
578 2629 776 2703 Leoprepidae
798 2648 862 2689 cnm
885 2633 942 2703 fait
964 2648 1057 2703 55555
1081 2635 1146 2692 ce'ro

140 2719 347 2792 Leoprepidae
369 2721 431 2776 otro
462 2718 527 2775 iure
559 2717 734 2791 displicebat
765 2717 942 2791 Schradem,
974 2720 1148 2794 temptabat

141 2809 193 2866 dec'.
227 2823 320 2877 aequo
341 2803 517 2880 languidum
539 2823 593 2863 nec
615 2806 741 2864 latinum
765 2805 897 2881 quidem,
926 2805 985 2864 ulei
1007 2807 1045 2864 ad
1067 2807 1148 2866 illud

140 2895 214 2953 velis
237 2893 360 2967 referre,
389 2892 466 2968 quod
493 2896 539 2951 est
565 2892 645 2968 apud
667 2892 849 2968 Ciceronem,
876 2895 1018 2966 reliquom
1041 2913 1060 2954 5
1083 2899 1148 2955 sois

143 2983 319 3056 Tpodere'de's
335 2985 451 3053 peteret.
500 2981 627 3039 maxime
649 3000 719 3041 vero
742 2981 939 3056 improbabile
957 2981 1041 3056 illud,
1065 2983 1148 3057 quod

142 3071 232 3129 etiam
247 3068 427 3127 Schraderus
441 3070 541 3144 habet,
565 3063 665 3128 ‘stella
677 3088 730 3144 pro
745 3063 945 3146 Tyndaridis'‚
963 3089 1148 3147 quamquam

142 3158 256 3216 adiecto
285 3150 385 3216 ‘modo
413 3157 453 3215 sit
479 3158 561 3217 locus
590 3151 698 3216 sanus'.
753 3157 789 3215 de
817 3157 1022 3216 catasterismo
1046 3155 1148 3215 Gemi-

142 3265 247 3304 norum
269 3263 356 3304 nemo
375 3245 527 3321 cogitabit,
550 3263 728 3321 quamquam
745 3247 827 3305 stelle
844 3264 898 3320 pro
917 3246 1009 3304 sidere
1027 3244 1147 3305 dieitur.

144 3335 194 3394 sed
221 3352 275 3393 nec
302 3335 383 3393 sidus
405 3333 485 3394 Fast.
509 3334 537 3390 V
562 3336 625 3394 720
652 3332 734 3391 aliud
756 3332 903 3408 signifieat
926 3351 1017 3408 quam
1039 3334 1146 3391 stellas

143 3423 219 3493 illas,
242 3440 315 3497 quas
337 3423 429 3480 moris
442 3422 501 3482 fuit
514 3416 712 3494 ἀναπέμπειν
726 3415 771 3480 εἰ(
784 3418 843 3494 τὴν
857 3419 922 3479 τῶν
937 3416 1147 3493 Διοεκούρων

143 3505 349 3585 ἐπιφάνειαν,
372 3508 456 3568 Diod.
480 3509 523 3567 IV
547 3512 602 3584 433
630 3508 682 3567 sed
708 3506 783 3568 τοὺ(
811 3505 1056 3581 χειμαζομένους
1079 3508 1146 3567 τῶν
