2386 3892
145 183 210 247 252
478 136 483 141 ¹
552 181 745 234 uusrouuu

170 361 220 410 120
278 346 430 408 Mensibus
453 353 579 424 egerunt
600 345 694 406 lustra
716 345 830 406 minora
852 343 972 406 decem.

236 436 338 496 Annus
362 442 446 515 erat,
470 434 617 495 decimum
640 451 709 495 cum
731 432 801 494 luna
824 441 978 512 receperat
1000 432 1120 496 orbem:

280 522 336 583 llic
359 540 501 583 numerus
524 540 629 602 magno
653 529 724 582 tunc
746 522 778 582 in
800 519 914 582 bonore
936 521 1011 602 fuit,

236 610 296 672 Seu
320 612 389 690 quia
412 618 457 671 tot
479 610 585 691 digiti,
608 627 662 689 per
685 626 760 689 quos
783 626 940 671 numerare
963 609 1111 692 solemus,

281 698 340 759 Seu
364 701 432 776 quia
455 698 500 760 bis
524 701 615 777 quino
637 698 745 759 femina
768 715 870 759 mense
893 699 988 779 parit,

172 799 222 848 125
238 787 297 848 Seu
321 787 399 866 quod
422 786 555 865 adusque
574 786 676 847 decem
694 803 820 847 numero
843 794 998 848 crescente
1021 789 1150 869 venitur,

279 873 463 955 Principium
486 876 588 955 spatiis
612 875 740 935 sumitur
762 873 832 934 inde
854 873 955 935 uovls.

235 963 307 1024 lnde
329 973 429 1042 patres
453 972 572 1022 centum
596 962 688 1022 denos
712 963 839 1022 secrevit
860 963 892 1022 in
914 961 1004 1024 orbes

281 1049 446 1130 Romulus,
470 1049 600 1111 hastatos
622 1051 810 1129 instituitque
834 1048 956 1131 decem,

236 1137 274 1197 Et
297 1136 421 1198 totidem
443 1139 604 1218 princeps,
628 1139 750 1199 totidem
773 1136 889 1216 pilanus
912 1136 1040 1200 babebat

172 1238 222 1287 130
281 1225 433 1306 Corpora,
456 1225 587 1304 legitimo
612 1228 722 1304 quique
745 1223 877 1286 merebat
900 1243 994 1304 equo.
1064 1274 1066 1278 ,

237 1313 315 1385 Quin
339 1315 427 1375 etiam
448 1321 549 1392 partes
572 1314 695 1374 totidem
717 1311 899 1375 Titiensibus
922 1312 990 1394 ille,

281 1401 421 1480 Quosque
444 1411 550 1463 vocant
571 1400 721 1482 Ramnes,
743 1400 966 1481 Luceribusque
989 1401 1087 1464 dedit.

237 1490 383 1551 Adsuetos
405 1491 497 1568 igitur
519 1507 660 1551 numeros
684 1490 811 1550 servarit
832 1492 864 1550 in
887 1507 982 1552 anno.

280 1577 344 1638 Hoc
366 1577 448 1656 luget
471 1580 565 1657 spatio
588 1579 696 1638 lemine
719 1585 829 1639 maesta
852 1579 966 1640 virum.

173 1677 223 1726 135
238 1666 302 1725 Neu
326 1664 465 1746 dubites,
487 1668 601 1745 primae
625 1667 736 1727 inerint
758 1667 830 1745 quin
853 1673 922 1726 ante
944 1664 1093 1727 Kalendae

281 1753 405 1833 Martis,
428 1752 464 1812 ad
487 1753 560 1814 baec
583 1756 713 1815 animum
734 1755 818 1833 signa
840 1754 954 1814 referre
976 1761 1079 1833 potes.

237 1836 354 1901 Laurea
375 1839 542 1902 flaminibus
566 1860 640 1920 quae
664 1849 726 1902 toto
748 1843 881 1921 perstitit
903 1859 1000 1921 anno,

282 1927 430 2008 Tollitur,
453 1937 483 1989 et
506 1928 626 1990 lrondes
650 1933 773 1991 suntin
795 1929 910 1991 bonore
931 1946 1041 1991 novae.

240 2016 328 2076 lanua
351 2025 423 2077 tunc
446 2019 525 2094 regis
547 2019 642 2097 posita
666 2019 742 2079 viret
764 2016 870 2078 arbore
892 2016 1024 2079 Phoebi:

173 2115 224 2165 140
282 2104 356 2164 Ante
380 2113 446 2164 tuas
469 2106 502 2164 fit
524 2105 624 2185 idem,
647 2107 730 2166 curia
752 2107 871 2187 prisca,
894 2106 991 2167 iores.

239 2190 326 2252 Vesta
349 2210 467 2272 quoque
490 2200 524 2253 ut
546 2192 616 2253 lolio
640 2195 732 2254 niteat
754 2192 848 2255 relata
871 2196 1002 2273 recenti,

283 2279 368 2341 Cedit
390 2278 426 2340 ab
449 2280 544 2341 Iliacis
567 2280 666 2342 laurea
690 2286 761 2342 cana
784 2281 875 2342 locis.

238 2368 341 2449 Adde,
365 2369 444 2448 quod
467 2386 572 2429 arcana
595 2371 659 2430 lieri
682 2387 775 2431 novus
798 2370 875 2448 ignis
898 2371 930 2430 in
952 2367 1025 2430 aede

283 2456 419 2538 Dicitur,
442 2464 473 2518 et
494 2459 573 2517 vires
596 2456 712 2518 flamma
734 2458 846 2518 refecta
867 2459 963 2537 capit.

175 2555 224 2604 145
239 2544 300 2606 Nec
324 2545 396 2605 mihi
418 2563 507 2624 parva
529 2545 625 2624 fides,
648 2563 741 2606 annos
763 2545 833 2606 binc
855 2547 914 2606 isse
938 2546 1072 2626 priores,

282 2633 365 2693 Anna
388 2632 466 2711 quod
488 2632 546 2693 boc
569 2641 672 2711 coepta
696 2642 742 2694 est
763 2650 864 2694 mense
887 2633 1022 2695 Perenna
1045 2631 1117 2694 coli.

239 2719 314 2780 Hinc
338 2722 426 2780 etiam
450 2730 566 2782 veteres
589 2723 655 2782 initi
677 2729 880 2782 memorantur
903 2720 1031 2783 bonores

228 2881 230 2884 .
282 2806 326 2865 Ad
350 2811 478 2885 spatium
501 2807 570 2869 belli
583 2856 592 2890 ,
614 2809 727 2888 perfide
750 2809 848 2870 Poene
861 2857 871 2889 ,
894 2810 957 2873 tui.

239 2893 371 2972 Denique
396 2898 517 2973 quintus
541 2894 577 2956 ab
600 2896 657 2958 hoc
680 2898 777 2958 luerat
800 2895 962 2979 Quintilis,
984 2905 1016 2958 et
1037 2897 1105 2958 iude

174 2994 224 3044 150
283 2981 411 3062 Incipit,
433 3001 449 3042 a
473 3002 597 3044 numero
621 2987 740 3046 nomina
763 2986 899 3064 quisquis
921 2982 1027 3046 babet.

238 3069 379 3150 Primus,
402 3070 543 3131 oliviferis
567 3070 689 3133 Romam
712 3072 858 3134 deductus
881 3071 922 3133 ab·
941 3074 1037 3153 arvis,

222 3216 224 3220 .
282 3158 444 3238 Pompilius
466 3177 584 3220 meuses
608 3163 701 3221 sensit
723 3159 827 3221 abesse
850 3159 944 3222 duos:

240 3246 306 3307 Sive
330 3247 387 3308 boc
410 3265 426 3308 a
450 3247 548 3308 Samio
572 3247 678 3309 doctus
690 3296 699 3329 ,
723 3251 774 3328 qui
796 3265 884 3328 posse
907 3248 1024 3310 renasci

283 3334 343 3395 Nos
366 3343 472 3415 putat,
495 3335 602 3415 Egeria
626 3338 687 3398 sive
710 3344 849 3398 monente
873 3352 943 3397 sua.

174 3431 224 3481 155
240 3421 297 3482 Sed
321 3430 420 3485 tamen
443 3423 582 3486 errabant
605 3427 693 3486 etiam
716 3442 797 3485 nunc
819 3431 976 3505 tempora,
998 3423 1091 3486 donec

284 3508 417 3571 Caesaris
439 3514 471 3572 in
494 3511 595 3573 multis
617 3512 690 3573 baec
714 3529 832 3591 quoque
855 3530 928 3574 cura
951 3513 1024 3574 luit.
