2386 3892
106 114 170 180 150
513 115 563 164 nx
580 114 700 166 rouro

145 292 178 341 το
237 278 334 358 thue
358 296 438 339 meas
461 277 595 358 aquilas,
619 295 670 338 vos
693 295 758 338 mea
781 279 865 355 signa
888 294 1013 358 sequar.

192 367 251 428 llut
274 384 329 445 ego
352 385 398 428 me
423 365 512 447 sallo,
536 367 684 445 nimiaque
708 365 847 444 cupidine
870 364 976 448 ludor,

236 454 296 516 dut
319 473 388 534 spes
411 455 491 515 exilii
514 454 723 516 commodioris
745 453 848 516 adast.

192 542 267 604 Nam
289 545 389 604 minus
412 549 442 604 et
464 545 563 605 minus
586 550 633 603 est
653 543 745 603 facies
768 543 800 603 in
822 543 951 621 imagine
974 544 1095 625 tristis,
1188 579 1192 587 ·

236 630 363 711 Visaque
387 638 458 693 sunt
481 630 569 692 dictis
591 630 722 692 adnuere
745 647 798 691 ora
821 633 914 693 meis.

146 732 179 781 ⁷5
193 718 269 781 Vera
292 738 399 799 precor
421 721 494 781 liant
516 718 635 780 timidae
657 720 810 798 praesagia
832 721 960 783 meniu:

236 807 376 888 lustaque
401 809 534 887 quamvis
558 816 621 888 est,
644 808 683 868 sit
705 808 803 869 minor
825 808 870 869 ira
893 806 963 871 dei.

551 999 665 1073 VIIII.

193 1160 285 1239 Regia
306 1161 465 1240 progenies
477 1206 487 1240 ,
510 1162 560 1221 eui
582 1158 744 1221 nobilitatis
766 1161 851 1239 origo

239 1249 353 1310 Nomen
376 1250 406 1309 in
430 1248 567 1328 Eumolpi
589 1250 725 1327 pervenit
748 1266 867 1330 usque,
890 1247 981 1329 Cotyi

194 1337 282 1398 Fama
304 1338 412 1416 loquax
434 1344 547 1398 uestras
571 1338 597 1397 si
619 1338 677 1397 iam
699 1338 835 1416 pervenit
857 1335 896 1397 ad
918 1354 1023 1419 aures,

240 1425 287 1486 ltle
310 1426 365 1487 tibi
388 1427 504 1487 finitimi
526 1431 609 1504 parte
632 1426 730 1486 iacere
753 1423 827 1486 soll:
1177 1442 1192 1488 u

164 1512 344 1593 aSupplicis
368 1513 495 1593 exaudi,
517 1515 658 1574 iuvenum
681 1514 860 1594 mitissime,
883 1530 1004 1592 vorem,

240 1601 394 1680 Quamque
421 1609 528 1681 potes,
555 1601 735 1680 profugo-
757 1618 827 1663 nam
848 1609 989 1679 potes-
1010 1599 1080 1661 adler

743 1707 847 1768 opem.

194 1777 240 1837 llle
259 1777 379 1837 fortuna
396 1776 492 1837 tibi—
510 1778 548 1838 de
567 1795 625 1857 qua
639 1776 719 1857 quod
733 1794 794 1839 non
812 1794 938 1857 querar,
951 1777 1009 1839 lroc
1026 1780 1097 1838 ast*

240 1863 396 1944 Tradidit,
418 1864 475 1926 hoe
498 1883 558 1926 uno
582 1884 641 1927 non
664 1867 784 1928 inimica
805 1865 897 1927 mihi.

163 1960 172 1974 ·
196 1952 306 2031 Excipe
330 1953 516 2032 naufragium
538 1971 598 2014 non
622 1953 697 2015 duro
720 1953 807 2017 litore
831 1962 987 2036 nostrum,
1064 1958 1098 2013 (⁸⁵)

149 2041 809 2103 mmmmwmm
1008 2106 1011 2111 ,

196 2129 303 2208 Regia,
326 2129 415 2193 erede
438 2129 528 2210 mihi,
551 2147 600 2190 res
624 2138 671 2190 est
693 2131 1002 2211 succurrerelapsis,

242 2217 385 2280 Convenit
407 2227 439 2279 et
460 2227 560 2298 tanto,
583 2225 712 2297 quantus
734 2235 768 2280 es
790 2221 878 2297 ipse,
900 2221 982 2279 viro.

196 2305 357 2368 Fortunam
380 2305 466 2368 decet
488 2305 545 2367 hoe
568 2308 677 2368 istam
719 2324 794 2386 quaa
816 2309 944 2369 maxima
966 2303 1099 2378 comsit,

236 2393 314 2463 Esse
337 2403 438 2474 potest
459 2397 556 2457 animo
580 2397 628 2455 vix
650 2402 749 2457 tamen
772 2412 868 2474 aequa
890 2402 962 2457 tuo.

151 2495 182 2543 15
198 2484 387 2564 Conspicitur
410 2500 571 2562 numquam
593 2481 717 2545 meliore
739 2485 872 2563 potentia
894 2501 1001 2565 eausa,

241 2572 334 2642 Quam
359 2574 498 2650 quotiens
521 2589 609 2632 vanas
631 2589 690 2633 non
715 2574 785 2633 sinit
808 2588 875 2635 esse
898 2588 1020 2652 praees.

199 2657 260 2719 lloe
284 2662 363 2720 nitor
386 2661 443 2721 iste
466 2661 511 2721 tui
533 2663 650 2738 generis
673 2658 839 2722 desiderat.
880 2660 938 2723 hoc
961 2667 1007 2721 est

241 2744 265 2805 Α
288 2748 405 2824 superis
429 2755 511 2809 ortae
533 2747 696 2810 nobilitatis
714 2766 809 2829 opus.

196 2833 260 2895 Hoc
283 2832 338 2894 tibi
360 2841 391 2894 et
413 2833 598 2918 Eumolpus,
625 2839 744 2915 generis
766 2836 951 2899 clarissimus
972 2841 1083 2908 auctor,

150 2935 183 2983 20
242 2921 280 2982 Et
302 2923 386 3001 prior
408 2920 553 3002 Eumolpo
577 2923 682 2986 suadet
704 2924 936 2988 Erichthonius.

196 3009 259 3072 Hoc
282 3019 381 3071 tecum
406 3027 562 3072 commune
585 3012 664 3094 deo,
680 3013 767 3093 quod
791 3020 918 3093 uterque
942 3013 1034 3094 rogati

242 3097 431 3179 Supplieibus
455 3102 563 3161 vestris
585 3101 667 3162 ferre
691 3100 793 3163 soletis
816 3120 923 3182 opem.

196 3186 346 3266 Numquid
370 3190 449 3269 erit,
472 3206 564 3266 quare
588 3189 674 3251 solito
698 3189 856 3269 dignemur
877 3191 991 3253 honore

240 3274 389 3356 Numina,
412 3279 437 3337 si
460 3277 561 3338 demas
584 3277 659 3339 velle
681 3279 784 3340 iuvare
807 3275 906 3341 deos?

150 3371 182 3421 25
197 3361 330 3442 luppiter
353 3367 450 3426 oranti
473 3364 579 3427 surdas
602 3367 629 3427 si
650 3366 792 3445 praebeat
813 3370 916 3449 auris,

241 3449 364 3510 Victima
386 3469 441 3530 pro
465 3452 574 3533 templo
597 3471 652 3515 eur
675 3453 761 3515 eadat
783 3457 842 3518 icta
865 3450 971 3519 lovis?
