2386 3892
122 163 201 248 VI·

121 332 208 388 terna
234 328 402 404 miuimum‚
434 347 463 404 p.
492 294 697 389 121⁶novem.
750 327 944 389 revincuntur
975 345 1011 384 ea
1042 327 1132 386 facile

122 417 220 476 omnia
255 417 366 476 saeculi
397 435 441 475 xn
472 417 570 493 libris,
602 417 665 493 qui,
704 415 781 492 quod
816 434 870 476 neo
907 414 981 474 alies
1017 433 1130 490 rarum,

121 505 255 580 plerique
287 523 347 563 non
373 505 507 582 vulgaris
536 509 604 564 sunt
633 504 798 578 commatis,
830 520 884 562 nee
911 502 958 562 sui
985 504 1131 577 temporis

123 592 241 668 quidem
264 593 366 653 naevis
390 593 601 653 deformantur.
656 609 761 652 versus
783 590 892 666 integri
916 592 970 648 aut
992 589 1130 666 disticha,

123 699 199 756 quae
226 681 258 738 in
281 681 378 740 Fastis
401 681 589 757 repudiandi,
617 683 671 740 aut
697 683 767 738 sunt
793 677 995 754 antiquiorum
1018 697 1129 754 appen-

122 768 210 842 dices,
234 770 268 826 ut
285 769 317 827 II
337 771 409 843 202,
433 771 486 828 aut
503 771 569 845 ipsa
590 770 679 844 paulo
699 771 769 826 sunt
787 767 963 841 antiquiora,
987 770 1021 825 ut
1039 784 1129 841 quae·

124 857 192 915 dam
215 856 284 915 libri
307 855 359 914 VI.
413 856 488 915 nihil
511 858 547 916 de
570 857 622 915 illo
645 874 752 933 genere
774 854 1025 930 interpolationis,
1054 873 1130 930 quae

124 944 250 1004 saeculis
277 963 321 1002 1111
348 947 378 1003 et
405 962 438 1002 x1
464 946 645 1020 importuna,
674 944 849 1018 deliberata,
877 942 1015 1017 pervicax
1044 961 1129 1019 gras·

125 1035 192 1092 sata
219 1034 278 1107 est,
302 1032 481 1108 scholarum,
509 1037 545 1091 ut
571 1033 700 1108 videtur,
724 1032 827 1090 usibus
851 1029 957 1089 affinis.
1011 1033 1130 1090 mutan·

124 1123 175 1179 tur
198 1138 274 1195 quae
289 1121 460 1194 scrupulum
477 1120 645 1196 initiabant,
668 1123 703 1179 ut
721 1121 791 1179 Met.
809 1118 868 1176 VII
887 1120 950 1178 636
966 1117 1041 1177 VIII
1056 1121 1130 1194 237,

124 1208 297 1267 inseruntur
323 1227 427 1269 versus
458 1209 712 1284 interpretationis
742 1210 794 1267 aut
817 1205 1004 1266 exercitionis
1032 1225 1130 1281 eausa,

124 1313 197 1372 quos
219 1296 331 1356 ibidem
344 1296 411 1372 plus
434 1297 541 1374 viginti
564 1296 669 1356 oodiois
684 1297 715 1354 M
728 1294 899 1356 testimonio
914 1295 1026 1369 expuli3
1049 1295 1128 1370 peri·

123 1385 247 1460 phrases
268 1404 407 1446 versuum
425 1386 618 1459 pauculorum
636 1384 758 1442 mirifice
772 1385 949 1462 proresount
962 1381 1038 1440 VIII
1054 1385 1128 1457 596,

126 1474 198 1546 655,
224 1476 296 1534 696.
340 1473 447 1532 leviter
464 1473 537 1533 haee
555 1473 729 1549 praevalent
747 1472 778 1529 in
796 1471 940 1546 pericopis
959 1470 1132 1528 fabularum

125 1560 233 1618 scholis
252 1559 409 1635 aptiorum,
429 1561 480 1620 sed
498 1564 562 1621 toto
577 1579 698 1636 corpore
711 1559 914 1620 inveniuntur:
933 1560 1021 1633 putes
1042 1558 1132 1633 prod-

126 1648 185 1706 isse
212 1667 227 1706 e
255 1665 358 1706 museo
386 1649 495 1708 veteris
524 1648 647 1708 alieuius
676 1648 842 1708 scholarum
869 1646 1001 1722 patroni,
1033 1646 1132 1721 qualis

124 1736 176 1794 ille
200 1735 436 1812 archenbaldus,
464 1737 516 1812 qui
541 1768 577 1780 ·—
604 1739 736 1797 eeclesiae
757 1737 880 1795 Institor
902 1737 1020 1793 antistes
1043 1735 1134 1792 libros

120 1826 281 1898 perteperot
312 1842 420 1900 omnes,
452 1825 536 1884 Inter
565 1843 635 1899 quos
663 1828 751 1884 atum
781 1855 819 1866 —
848 1824 973 1882 libellam
1000 1820 1135 1881 Correrit

121 1930 177 1986 per
194 1930 224 1970 se
241 1908 363 1971 studiosi
381 1915 521 1987 dopmutis
539 1919 609 1988 orte,
627 1913 720 1972 Falsa
738 1917 818 1972 cotos
835 1912 942 1970 redeas
960 1915 986 1969 et
1003 1927 1135 1983 oonprua

126 2002 256 2059 sensibus
288 2002 403 2060 addens.
459 2001 509 2059 ille
545 2000 665 2077 quidem
696 2001 813 2060 saeculo
845 1998 958 2057 decimo
990 2001 1132 2056 exeunte:

127 2087 177 2146 sed
205 2091 305 2146 tamen
332 2089 369 2146 ab
396 2088 551 2147 undecimo
580 2089 825 2164 interpolationes
852 2085 973 2144 Pindari
996 2086 1134 2144 Thebani

127 2176 310 2250 aliorumque
333 2180 504 2251 poematum
527 2176 623 2252 repeti
644 2175 739 2252 video,
763 2177 827 2251 ipse
850 2175 942 2233 codex
960 2173 1050 2231 Laur.
1070 2175 1132 2232 Me-

125 2268 196 2332 tam.
220 2264 270 2321 vix
292 2265 450 2339 recentior3
474 2267 553 2324 oerte
571 2264 748 2324 Ursinianus
767 2263 934 2337 Fastorum,
957 2260 1010 2337 qui
1028 2262 1135 2320 eadem

127 2351 276 2428 farragine
305 2352 494 2427 scholastica,
521 2354 610 2428 paulo
638 2371 727 2428 quam
753 2351 784 2410 in
807 2350 896 2408 Laur.
926 2353 957 2408 et
979 2349 1042 2409 Eri,
1066 2368 1133 2408 cru·

127 2440 221 2516 diora,
248 2441 386 2516 oppletus
415 2444 472 2516 est,
500 2441 620 2499 ineunte
648 2458 722 2499 saeo.
745 2452 782 2498 xl
810 2439 937 2513 scriptus
964 2437 1133 2497 videbatur.

126 2528 219 2587 habet
239 2529 354 2603 primus
377 2527 524 2587 distiohon
547 2546 581 2587 ea
604 2530 702 2586 aetate
726 2528 849 2604 dignum
868 2525 911 2584 VI
928 2527 989 2585 739
1016 2528 1082 2585 740
1101 2529 1135 2585 et

126 2615 187 2674 tria
205 2614 332 2675 .V1270
356 2615 394 2675 ad
418 2619 495 2691 276,
519 2634 595 2691 quae
618 2615 719 2692 magni
741 2615 898 2674 interferat
922 2612 1003 2687 seiri,
1026 2616 1133 2688 potue-

127 2703 227 2761 rintne
263 2706 335 2762 tuno
366 2703 508 2777 temporis
545 2703 583 2762 ab
619 2703 738 2762 homine
774 2702 859 2763 docto
891 2701 1085 2760 Benedictino
1117 2721 1134 2760 e

127 2790 283 2849 Lactantio
311 2790 453 2866 confingi3
481 2791 507 2850 si
533 2794 710 2866 potuerunt,
741 2810 796 2850 neo
822 2790 882 2848 alia
909 2789 1069 2848 Fastorum
1102 2793 1135 2848 et

129 2879 320 2938 Ponticorum
342 2878 380 2936 ad
405 2897 480 2938 saec.
503 2898 535 2939 vr
558 2880 664 2938 referri
685 2897 805 2938 neeesse
827 2877 927 2937 fuerit.

218 2967 335 3026 Saeculi
353 2980 376 3026 x
400 2967 543 3026 habemus
566 2968 677 3026 librum
700 2968 896 3027 Petavianum
914 2965 1074 3032 Fastorum
1093 2969 1133 3041 et,

128 3059 273 3131 quantum
295 3057 381 3131 puto,
408 3054 667 3132 Hamburgensem
690 3055 893 3130 Ponticorum,
916 3054 1026 3129 quippe
1048 3054 1134 3112 ouius

127 3145 276 3220 scriptura
302 3144 390 3219 plane
414 3162 481 3202 oum
503 3143 621 3203 Horatii
644 3142 862 3204 Orellianorum
884 3160 943 3200 uno
967 3141 1133 3217 conveniat,

127 3250 181 3291 nee
203 3250 222 3290 a
245 3232 386 3290 Thuaneo
409 3231 594 3307 epithalamii
618 3231 729 3292 Catulli
755 3231 812 3291 nisi
840 3228 1014 3306 spatiosiore
1041 3230 1133 3305 paulo

127 3321 300 3379 litteratura
336 3320 468 3382 discedit.
527 3319 684 3380 Petaviani
719 3322 751 3379 et
781 3317 1018 3394 Hamburgensis
1050 3336 1134 3375 men·

128 3408 234 3466 dorum
261 3407 339 3466 idem
367 3427 461 3484 genus
489 3412 548 3484 est,
576 3407 731 3468 Petaviani
753 3407 913 3481 crebriora3
940 3405 1134 3480 interpolatio

127 3496 295 3570 verborum,
315 3515 404 3572 quam
422 3495 518 3556 dicere
537 3497 635 3571 velim,
653 3497 738 3556 nulla
754 3495 786 3553 in
803 3492 947 3552 insubidis
965 3493 1034 3569 illis,
1058 3512 1135 3569 quaa
