2386 3892
90 199 133 262 56
509 196 679 248 nmsmuu

179 361 296 439 Quique
319 359 424 420 bovem
448 359 547 419 Siculo
570 359 666 419 lertur
690 358 814 419 donasse
838 365 981 440 tyranno,

179 448 217 509 Et
240 448 327 508 dictis
351 455 430 508 artes
453 447 625 508 conciliasse
650 464 736 508 suas:

181 533 315 597 ‘Munere
338 538 369 596 in
387 535 465 615 hoc,
490 553 564 614 rex,
587 542 633 595 est
651 552 747 615 usus,
770 533 821 594 sed
840 536 969 613 imagine
987 534 1096 614 maior,

180 624 241 685 Nec
265 625 325 684 sola
348 626 516 702 est'operis
539 624 633 683 lorma
655 621 807 702 probanda
829 624 905 682 mei.

132 726 165 776 45
181 713 296 791 Aspicis
319 730 335 772 a
359 712 462 772 dextra
484 711 561 771 latus
584 711 640 771 hoc
663 709 824 788 adapertile
846 707 954 772 tauri?

180 801 241 862 Hac
264 799 319 860 tibi
331 846 340 880 ,
365 818 454 878 quero
475 799 605 879 perdes,
629 797 821 859 coniciendus
844 799 919 860 erit.

181 889 322 949 Protinus
345 887 493 948 inclusum
516 886 605 947 lentis
629 884 808 948 corbonibus
831 904 904 948 ure:

181 977 292 1055 Mugiet
304 1022 313 1056 ,
337 983 367 1036 et
389 978 453 1036 veri
475 993 531 1035 vox
555 977 612 1035 erit
634 975 684 1035 illa
706 974 806 1035 boris.

180 1065 239 1124 Pro
263 1062 372 1142 quibus
394 1065 544 1143 inventis,
569 1071 602 1123 ut
624 1078 733 1123 munus
756 1079 879 1122 munere
902 1076 1025 1142 penses,

133 1167 167 1215 50
181 1152 244 1232 Da,
267 1169 396 1231 precor,
419 1153 537 1230 ingenio
560 1153 691 1230 praemia
714 1151 801 1229 digna
823 1145 918 1210 meol'

182 1240 322 1302 Dixerat.
360 1247 389 1300 at
412 1239 543 1299 Phalaris
566 1235 692 1300 ‘Poenae
715 1237 849 1299 mirande
871 1245 1026 1317 repertor,

181 1329 247 1407 lpse
272 1336 357 1389 tuum
379 1345 521 1407 praesens
543 1323 663 1388 imbue'
687 1326 762 1388 dixit
785 1320 899 1405 ‘opusl'

181 1417 242 1477 Nec
265 1435 369 1497 mora,
391 1418 563 1476 monstratis
587 1414 747 1476 crudeliter
769 1413 889 1493 ignibus
912 1421 999 1475 ustus

183 1503 325 1564 Exhibuit
348 1506 481 1582 geminos
504 1521 555 1564 ore
578 1511 715 1582 gemente
738 1519 843 1563 sonos.

135 1605 168 1654 55
183 1591 260 1661 Quid
283 1592 356 1652 mihi
379 1609 446 1651 cum
470 1591 578 1652 Siculis
600 1593 680 1652 inter
699 1589 909 1670 Scythiamque
928 1585 1099 1669 Getasque?

183 1679 227 1739 dd
251 1687 303 1758 te,
326 1681 462 1758 quisquis
485 1681 510 1739 is
534 1697 588 1759 es,
612 1687 713 1739 nostra
737 1677 868 1757 querella
890 1677 986 1740 redit.

183 1767 280 1844 thue
305 1768 384 1826 sitim
408 1774 509 1826 nostro
532 1769 629 1846 possis
653 1767 771 1845 explere
795 1783 920 1845 cruore,

184 1855 359 1932 Quantaque
382 1856 448 1935 vis,
471 1854 554 1915 avido
578 1854 684 1934 gaudia
706 1853 796 1915 corde
819 1854 916 1915 feras:

184 1942 241 2004 Tot
264 1940 339 2002 mala
362 1959 428 2002 sum
446 1943 563 2021 lugiens
586 1943 714 2022 tellure,
737 1948 782 2003 tot
805 1959 935 2019 aequore
957 1959 1078 2023 passus,

136 2045 170 2092 eo
184 2029 226 2090 'le
251 2047 369 2108 quoque
392 2038 426 2090 ut
449 2031 556 2091 auditis
578 2048 667 2109 posse
690 2029 791 2091 dolere
813 2037 934 2108 putem.

184 2117 279 2178 Crede
301 2117 395 2193 mihi,
420 2120 445 2178 si
469 2120 507 2178 sit
530 2118 616 2179 nobis
639 2118 764 2179 collatus
785 2116 903 2199 Ulixes,

184 2205 315 2284 Neptuni
337 2208 434 2266 minor
458 2214 503 2268 est
515 2253 524 2287 ,
548 2224 635 2285 quem
658 2207 735 2266 lovis
757 2207 801 2266 ira
825 2206 898 2267 luit.

184 2292 263 2372 Ergo
287 2295 466 2372 quicumque
490 2311 522 2355 es
534 2341 544 2374 ,
567 2294 737 2354 rescindere
762 2295 885 2354 crimina
908 2293 986 2376 noll,

185 2381 286 2460 Beque
310 2384 391 2461 gravi
413 2381 502 2442 dures
525 2382 648 2443 vulnere
671 2381 740 2442 tolle
763 2398 885 2443 manus.

137 2483 171 2532 ce
187 2469 283 2549 thue
306 2488 388 2530 meae
411 2470 517 2531 famam
541 2476 666 2531 tenuent
688 2469 794 2530 oblivia
818 2468 940 2550 culpae,

185 2558 274 2619 Facta
296 2560 466 2619 cicatricem
490 2557 599 2618 ducere
622 2565 724 2619 nostra
747 2559 828 2637 sine3

185 2646 396 2724 Humanaeque
419 2663 534 2705 memor
557 2648 668 2726 sortis,
692 2663 766 2724 quae
790 2645 867 2706 tollit
890 2645 1009 2707 eosdem

186 2730 224 2792 Et
246 2736 376 2813 premit,
398 2736 528 2793 incertas
551 2735 614 2812 ipse
637 2750 741 2794 verere
763 2731 860 2794 vices!

185 2819 223 2879 Et
247 2823 407 2900 quoniam,
435 2821 500 2881 lieri
523 2821 602 2899 quod
625 2839 787 2900 numquam
809 2838 897 2899 posse
921 2823 1036 2901 putari,

138 2922 171 2970 ἰο
187 2907 240 2968 Est
262 2907 317 2967 tihi
340 2908 376 2968 de
399 2907 490 2969 rebus
513 2911 638 2970 maxima
661 2928 733 2970 cura
755 2911 848 2988 meis,

185 2996 251 3056 Non
270 3001 332 3075 est,
352 2996 431 3075 quod
450 2998 572 3058 timeas.
599 2998 717 3058 fortuna
736 2998 903 3057 miserrima
921 3003 1022 3059 nostra
1039 3002 1081 3056 est
1102 3037 1128 3072 ‚

187 3083 280 3145 Omne
303 3084 394 3144 trahit
417 3103 519 3146 secum
542 3085 675 3146 Caesaris
698 3088 742 3146 ira
765 3084 892 3146 malum.

186 3172 270 3242 Quod
294 3175 387 3250 magis
406 3181 440 3233 ut
462 3172 591 3255 liqueat,
609 3191 683 3234 neve
702 3173 758 3234 hoc
777 3191 832 3252 ego
850 3173 965 3254 tingere
982 3171 1080 3234 credor

187 3259 275 3340 lpse,
297 3260 408 3342 edm,
431 3279 541 3341 poenas
564 3263 718 3341 experiare
741 3277 839 3324 meas.
