2386 3892
476 204 507 254 V.
527 206 657 255 92-159.

89 364 205 426 0051110
229 365 280 426 011
303 384 352 426 res
375 366 447 426 caeli
471 369 586 445 tenuit,
610 366 743 445 solioque
765 373 889 445 paterno

201 452 304 533 Sedit,
328 463 358 515 et
379 453 488 515 invicto
513 453 552 514 nil
576 454 643 514 love
667 456 761 514 maius
784 463 865 535 erat,

157 540 258 602 Sidera
282 544 448 618 nutricem,
474 543 598 602 nutricis
621 542 717 602 fertile
741 559 834 603 cornu

200 629 303 706 Fecit,
327 629 405 708 quod
429 629 564 689 dominae
588 647 666 690 nunc
690 647 809 709 qnoque
832 647 939 691 nomen
962 627 1069 690 babet.

156 717 348 779 Praestitibus
376 717 467 777 Maiae
490 715 614 778 Laribus
637 717 736 777 videre
759 716 905 778 Kalendae

91 818 141 865 130
202 807 288 865 Aram
313 807 453 865 constitui
475 822 622 884 parvaque
646 807 728 883 signa
752 803 858 865 deum:

155 894 211 952 Ars
236 902 299 952 erat
321 893 368 952 illa
393 892 510 971 quidem
534 890 684 953 Curibus:
716 891 767 952 sed
790 891 877 969 ionga
899 897 1030 953 vetustas

201 981 353 1060 Destruit,
377 989 406 1039 et
430 998 499 1040 saxo
522 979 608 1059 longa
630 989 749 1041 senecta
773 987 877 1041 uocet.

157 1068 249 1128 Causa
272 1078 370 1130 tamen
392 1070 482 1146 positi
504 1069 601 1129 luerat
623 1070 807 1147 cognominis
829 1067 905 1149 illis,

201 1155 284 1225 Otrod
308 1165 458 1235 praestant
481 1156 574 1217 oculis
597 1159 695 1217 omnia
716 1164 780 1218 tnta
803 1158 882 1218 suis.

91 1256 141 1303 135
158 1244 242 1304 Stant
265 1261 382 1323 quoque
405 1261 459 1322 pro
482 1242 567 1303 uobis
580 1290 590 1324 ‚
615 1252 645 1305 et
668 1254 809 1324 praesunt
830 1242 986 1305 moenibus

701 1331 807 1412 Urbis,

201 1418 238 1480 Et
262 1429 330 1481 sunt
353 1427 524 1498 praesentes
547 1419 747 1500 auxiliumque
770 1420 888 1482 ierunt.

159 1509 196 1568 At
218 1510 298 1568 canis
322 1508 502 1587 antepedes
526 1526 595 1569 saro
619 1507 779 1569 fabricatus
802 1507 907 1569 eodem

204 1595 324 1656 Stabat:
356 1614 430 1674 quae
455 1597 551 1657 standi
574 1614 641 1659 cnm
665 1595 739 1656 Lare
763 1613 851 1658 causa
874 1590 957 1656 luit?

160 1682 262 1743 Servat
285 1692 409 1765 uterque
433 1685 575 1766 domum,
599 1684 716 1746 domino
740 1700 859 1764 quoquo
882 1683 959 1745 lidus

703 1779 847 1853 uterque3

93 1871 144 1918 140
204 1858 335 1938 Compita
358 1869 439 1938 grata
462 1860 540 1943 deo,
562 1863 689 1941 compita
712 1869 793 1941 grau
816 1862 899 1921 cani.

158 1946 313 2025 Exagitant
335 1957 365 2009 et
387 1948 444 2009 Lar
466 1957 497 2010 et
519 1948 605 2011 turba
629 1949 730 2011 Diania
752 1949 851 2010 iures:

202 2035 438 2116 Per-vigilantque
460 2036 573 2117 Lares,
595 2037 828 2118 pervigilantque
851 2052 957 2096 canes.

158 2122 230 2183 Bina
253 2123 445 2200 gemellorum
468 2124 645 2202 quaerebam
668 2128 750 2204 signa
773 2124 897 2186 deornm

203 2211 320 2271 Viribus
344 2227 471 2270 annosae
495 2211 569 2271 iacta
592 2209 702 2272 caduca
724 2209 841 2273 mosaei

95 2311 144 2358 145
159 2299 235 2359 Μ1110
260 2298 350 2358 Lares
374 2297 558 2378 Geniumque
582 2296 688 2372 ducis,
712 2301 763 2378 qui
785 2296 906 2358 tradidit
927 2294 1011 2376 illos,

203 2387 280 2447 Urbs
303 2386 413 2465 habet,
436 2393 467 2447 et
488 2387 546 2447 vici
568 2387 688 2447 numina
710 2386 788 2446 trina
811 2382 929 2446 colunt.
969 2403 998 2431 ··

160 2476 225 2545 Quo
249 2472 359 2536 teror?
390 2475 541 2553 Atrgnstus
564 2475 674 2535 mensis
697 2472 769 2534 mibi
792 2471 932 2532 carminis
953 2470 1043 2532 buius

204 2564 253 2623 lus
276 2563 386 2624 habet.
428 2564 542 2623 interea
565 2561 635 2623 ilisa
657 2559 788 2624 canenda
810 2558 890 2619 Bona
914 2566 977 2620 est.

160 2651 214 2711 Est
237 2652 328 2713 moles
352 2653 449 2713 nativa
470 2650 535 2712 loeo
547 2699 557 2733 ,
580 2668 629 2712 000
652 2651 771 2712 uomina
793 2648 883 2709 100111Ι

97 2751 146 2799 150
205 2741 359 2820 1100011001
382 2740 513 2821 Sarum3
536 2757 604 2820 pars
627 2737 704 2799 bona
726 2737 835 2798 montis
857 2752 891 2797 ea
914 2743 976 2798 001.

162 2825 238 2886 Ηο10
261 2829 370 2890 Remus
393 2829 542 2889 institerat
564 2828 698 2908 trustra,
721 2843 780 2907 quo
803 2834 936 2905 tempore
959 2824 1045 2885 fratri

207 2912 302 2975 Prima
325 2916 473 2978 Palatinae
496 2917 578 2994 signa
601 2913 723 2976 dedistis
747 2931 832 2978 aves.

164 2997 284 3077 Templa
306 3002 408 3064 Patres
430 3003 489 3064 illic
512 3002 614 3064 oculos
637 3020 725 3065 exosa
748 3001 847 3064 viriles

207 3086 327 3147 Leniter
349 3091 454 3151 0001101
475 3094 656 3153 constituere
679 3094 767 3169 ingo.

98 3187 147 3237 155
163 3175 283 3235 Dedicat
305 3175 377 3238 baec
398 3181 506 3240 veteris
529 3178 703 3240 Clausorum
726 3177 854 3238 nominis
875 3174 983 3255 bores,

207 3263 344 3342 virgineo
367 3265 480 3328 nullum
504 3283 628 3346 corpore
651 3282 737 3345 passe
759 3264 873 3324 vimm.

162 3353 243 3412 Livia
266 3354 395 3414 restituit
407 3401 417 3435 ‚
439 3370 477 3415 ne
499 3371 559 3415 non
582 3356 694 3414 imitata
717 3353 857 3413 maritum

207 3440 294 3502 Esset
317 3447 404 3502 etex
427 3444 507 3502 omni
529 3450 613 3521 parte
637 3448 738 3502 secuta
760 3440 871 3501 vicem.

163 3531 285 3591 Postera
307 3547 374 3592 cum
398 3545 512 3590 roseam
535 3528 628 3608 pulsis
650 3526 827 3610 Hyperionis
849 3527 938 3589 001010
