2386 3892
90 174 155 239 278
497 172 690 224 russonum

180 339 303 416 Saepius
326 338 449 399 instanti
471 332 624 397 ‘mandata
646 335 816 414 peregimus
829 329 854 416 ,’
878 336 975 414 inquit

223 422 355 488 ‘Evictas
377 425 516 505 precibus
540 428 586 485 vix
609 423 691 485 dedit
712 423 761 484 illa
784 418 921 484 manns.’

180 514 281 576 Credit
303 532 425 594 amans,
449 514 649 592 thalamosque
673 522 777 590 parat.
819 512 976 574 deducitur
999 512 1064 574 illuc

114 616 165 666 690
223 603 307 664 Anna
332 613 433 681 tegens
456 602 573 682 voltus,
597 610 630 662 ut
652 619 726 661 nova
750 607 863 682 nupta,
887 618 975 662 suos.

180 691 286 753 Oscula
311 699 484 767 sumpturus
508 689 605 750 subito
629 689 707 750 llars
730 690 834 768 aspicit
856 689 989 750 Annam.

222 780 308 840 Nunc
331 779 427 858 pudor
450 779 587 857 elusum,
611 794 689 838 nunc
713 777 793 839 subit
815 779 859 837 ira
882 777 989 839 deum:

179 866 266 929 Ridet
289 876 470 945 amatorem,
494 884 561 926 cara
584 873 630 926 est
652 883 726 926 nova
749 865 815 925 dira
837 865 1002 946 Minervae,

223 955 285 1017 Nee
307 974 357 1016 res
379 955 433 1015 hac
457 954 564 1014 Veneri
587 956 697 1030 gratior
720 953 779 1015 ulla
802 954 875 1014 luit.

114 1056 165 1107 695
180 1043 251 1104 lnde
274 1046 333 1103 ioci
355 1052 470 1103 veteres
493 1042 679 1121 obscenaque
702 1043 779 1103 dicta
802 1048 968 1123 canuntur,

223 1131 261 1192 Et
282 1134 362 1191 iuvat
384 1130 458 1191 hanc
482 1149 587 1208 magno
611 1130 699 1190 verba
722 1130 838 1190 dedisse
863 1130 935 1191 deo.

179 1218 400 1281 Praeteriturus
423 1237 503 1279 eram
527 1219 637 1297 gladios
660 1221 691 1278 in
714 1220 848 1298 principe
871 1219 962 1298 fixos,

224 1308 297 1368 Cum
322 1310 404 1368 sica
428 1310 516 1368 castis
540 1306 626 1367 Vesta
649 1305 746 1367 locuta
769 1307 860 1368 locis:

180 1392 239 1457 ‘Ne
263 1396 363 1456 dubita
387 1393 577 1456 meminisse!
609 1413 693 1456 meus
716 1396 773 1456 luit
794 1394 842 1455 ille
866 1395 1021 1457 sacerdos.

114 1497 166 1546 700
225 1484 389 1563 sacrilegae
411 1483 478 1545 telis
501 1502 548 1545 me
571 1485 684 1561 petiere
708 1501 828 1544 manus.

179 1573 245 1652 lpsa
268 1575 363 1634 virum
387 1576 494 1652 rapui,
517 1571 731 1649 simulacraque
754 1571 833 1632 nuda
856 1571 981 1651 reliqui.

225 1661 305 1732 Quae
329 1661 436 1721 cecidit
459 1662 560 1740 ferro,
584 1659 718 1720 Caesaris
740 1659 845 1720 umbra
868 1655 957 1723 luit.'

180 1748 231 1809 llle
256 1748 374 1826 quidem
398 1748 477 1809 caelo
501 1751 616 1826 positus
638 1748 715 1808 lovis
738 1750 811 1808 atria
835 1748 925 1828 vidit,

223 1835 262 1896 Et
284 1845 366 1897 tenet
387 1839 418 1895 in
442 1854 546 1915 magno
569 1835 678 1915 templa
701 1835 795 1896 dicata
818 1836 900 1897 loro.

115 1936 165 1985 705
180 1924 216 1983 At
239 1925 418 2002 quicumque
441 1926 523 1983 nelas
547 1927 633 2003 ausi,
655 1924 830 2004 prohibente
853 1924 977 1986 deorum

224 2011 372 2090 Numine,
395 2011 561 2089 polluerant
583 2012 749 2091 pontificale
773 2021 878 2092 caput,

180 2099 273 2159 Morte
296 2102 392 2160 iacent
416 2103 542 2161 merita.
583 2108 675 2160 testes
698 2109 792 2161 estote
815 2100 961 2180 Philippi,

223 2186 261 2247 Et
284 2204 410 2264 quorum
434 2190 545 2266 sparsis
568 2188 685 2249 ossibus
709 2187 787 2249 albet
809 2188 936 2250 humus.

180 2274 242 2335 Hoc
265 2294 340 2353 opus
350 2324 359 2357 ,
382 2276 454 2336 haec
473 2278 587 2356 pietas,
605 2276 678 2337 haec
696 2279 791 2355 prima
809 2277 956 2338 elementa
974 2278 1084 2338 luerunt

114 2375 165 2425 710
223 2362 378 2444 Caesaris,
402 2363 504 2425 ulcisci
527 2367 604 2425 iusta
627 2382 681 2443 per
704 2382 784 2425 arma
807 2374 938 2444 patrem.

526 2502 574 2565 16.
599 2498 664 2564 OF

180 2627 300 2688 Postera
323 2646 391 2687 cum
413 2635 532 2688 teneras
555 2644 661 2687 aurora
683 2627 822 2688 refecerit
844 2627 970 2708 herbas,

226 2715 364 2792 Scorpios
388 2734 403 2775 a
426 2717 522 2794 prima
544 2724 628 2793 parte
652 2715 795 2776 videndus
818 2718 892 2777 erit.

432 2853 482 2917 17.
504 2852 535 2917 D
558 2850 709 2918 ula-m

181 2974 279 3035 Tertia
302 2985 370 3055 post
393 2975 462 3037 ldus
485 2978 535 3038 lux
558 2988 605 3039 est
627 2977 819 3039 celeberrima
841 2978 976 3040 Baccho.

224 3063 361 3145 Bacche,
384 3065 447 3124 save
470 3069 528 3125 vati
541 3114 550 3146 ,
574 3067 643 3127 dum
669 3076 719 3127 tua
742 3067 816 3127 lesta
839 3084 932 3128 cano.

116 3164 167 3212 777
182 3152 242 3213 Nec
266 3154 392 3213 reseram
417 3152 575 3234 Semelen,
598 3155 634 3214 ad
658 3173 745 3234 quam
768 3156 826 3215 nisi
849 3155 972 3217 fulmina
995 3167 1080 3216 secum

225 3240 356 3320 luppiter
380 3242 531 3321 adferret,
555 3245 668 3303 sarcina
691 3245 793 3304 matris
818 3261 902 3325 eras,

181 3327 263 3408 Nec,
286 3349 360 3408 puer
384 3341 417 3390 ut
440 3348 543 3409 posses
566 3340 680 3391 maturo
705 3342 837 3410 tempore
860 3334 961 3412 nasci,

225 3415 382 3494 Expletum
405 3422 499 3496 patrio
524 3437 647 3497 corpore
670 3423 773 3480 matris
796 3436 889 3498 opus.

183 3500 319 3564 Sithonas
343 3516 373 3566 et
397 3505 550 3585 Scythicos
573 3505 692 3586 longum
716 3519 761 3568 est
786 3525 909 3570 narrare
932 3505 1079 3571 niumnhos
