2386 3892
463 166 511 218 n1.
531 167 679 220 sco-sss.
1008 162 1073 231 233

156 331 194 392 Et
216 347 300 391 soror
325 337 355 388 et
377 327 525 407 Phrixus,
549 328 635 389 velati
659 336 792 407 tempora
815 330 914 408 vittis,

201 419 286 479 Stant
309 417 396 477 simul
420 425 486 477 ante
510 434 596 495 aras,
619 418 779 497 iunctaque
803 417 861 477 lata
883 424 1022 496 gemunt.

156 508 270 585 Aspicit
291 505 367 585 hos,
391 513 424 565 ut
447 504 523 564 sorte
546 504 729 583 pependerat
751 505 893 584 aethere,
917 511 1028 586 mater,

200 594 239 656 Et
261 595 331 657 ierit
354 595 477 654 attonita
499 599 620 672 pectora
644 592 722 655 nuda
746 610 852 655 manu:

88 697 141 748 865
165 684 258 763 inque
281 682 508 759 draconigenam
530 680 639 743 nimbis
662 681 871 743 comitantibus
894 679 1001 743 urbem

200 771 324 846 Desilit,
348 780 379 832 ct
400 778 486 831 natos
509 771 598 849 eripit
620 769 689 830 inde
713 787 801 831 suos.

157 860 252 940 thue
276 860 384 937 lugam.
397 859 535 937 capiant,
558 859 635 919 aries
657 858 855 919 nitidissimus
878 874 951 918 auro

201 946 362 1008 Traditur:
394 945 443 1007 ille
466 945 547 1006 vehit
569 963 623 1023 per
644 945 721 1007 lreta
743 945 830 1023 longa
852 946 945 1007 duos.

157 1036 271 1113 Dicitur
294 1036 410 1096 inlirma
433 1051 528 1096 cornu
550 1036 681 1096 tenuisse
705 1035 826 1095 sinistra

90 1139 143 1189 870
201 1125 342 1203 Femina,
367 1141 434 1184 cum
458 1122 494 1183 de
518 1140 550 1183 se
572 1124 692 1184 nomina
715 1123 786 1184 lecit
808 1139 918 1202 aquae.

157 1213 254 1274 Paene
278 1211 365 1273 simul
387 1212 477 1290 periit
489 1258 498 1290 ,
521 1209 592 1271 dum
614 1210 675 1271 volt
697 1228 874 1272 succurrere
896 1209 1013 1290 lapsae,

202 1301 327 1381 Frater,
351 1308 381 1360 et
404 1306 537 1360 extentas
559 1299 685 1377 porrigit
707 1316 802 1377 usque
825 1316 948 1361 manus.

158 1387 281 1469 Flebat,
306 1397 339 1449 ut
361 1389 467 1449 amissa
490 1387 600 1465 gemini
624 1394 761 1447 consorte
784 1386 907 1466 pericli,

202 1476 344 1539 Caeruleo
367 1478 497 1536 iunctam
520 1475 641 1536 nescius
664 1492 730 1535 esse
753 1473 827 1535 deo.

91 1577 143 1629 875
158 1564 309 1625 Litoribus
333 1566 418 1625 tactis
441 1565 519 1624 aries
541 1563 575 1623 tit
596 1562 701 1625 sidus:
733 1569 763 1622 at
785 1561 875 1625 buius

202 1652 341 1714 Pervenit
362 1653 394 1712 in
417 1650 539 1712 Colchas
562 1668 651 1713 aurea
672 1650 739 1711 lana
761 1649 882 1711 domos.

221 1821 587 1900 24.0Q·REX·O·F
631 1820 768 1889 25.DO
813 1821 948 1890 26.Εο

160 1969 234 2030 Tres
257 1966 309 2029 ubi
331 1967 471 2030 lucileros
494 1969 616 2031 veniens
639 1969 827 2047 praemiserit
848 1965 926 2049 Eos,

201 2057 347 2136 Tempora
370 2058 525 2118 nocturnis
548 2073 641 2137 acqua
665 2054 770 2117 diurna
793 2057 890 2117 feres.

92 2230 143 2294 27.
167 2225 439 2294 FN'nocmrn
468 2243 1048 2297 camerescensem-enorme

277 2316 330 2381 28.
354 2312 414 2381 dc
455 2314 511 2383 29.
534 2312 598 2383 Hc
644 2315 695 2381 30.
720 2312 811 2405 Act(
844 2313 873 2401 ³)

159 2459 229 2521 lnde
253 2468 359 2539 quater
381 2468 483 2540 pastor
506 2468 623 2522 saturos
645 2458 697 2522 ubi
720 2457 860 2520 clauserit
882 2457 1010 2540 haedos,

92 2561 144 2611 880
203 2547 366 2609 canuerint
387 2547 497 2609 herbae
520 2565 588 2609 rore
610 2556 732 2609 recente
754 2554 876 2628 quater,

159 2635 246 2697 lanus
269 2634 436 2698 adorandus
459 2652 586 2717 cumque
609 2636 665 2698 boc
689 2633 852 2699 Concordia
875 2634 955 2697 mltis
1018 2649 1076 2699 ‹11⁸›

203 2727 242 2785 ibt
265 2723 395 2787 Romana
419 2723 504 2787 Salus
527 2741 644 2804 araque·
658 2722 745 2787 Pacis
767 2725 842 2787 erit.

505 2896 557 2962 31.
581 2892 640 2962 00

160 3039 242 3101 Luna
266 3040 349 3120 regit,
364 3040 498 3113 mensis:
528 3036 618 3102 huius
641 3058 761 3123 quoque
784 3049 918 3119 tempora
939 3037 1051 3099 mensis

204 3127 284 3191 Finit
304 3131 450 3193 Aventino
473 3126 557 3193 buna
580 3127 702 3201 colenda
723 3131 811 3209 iugo.
