2386 3892
90 184 131 250 78
244 247 248 255 ¹
508 183 678 234 apusorum

177 349 320 410 Ponticus
343 347 458 427 heroo,
480 346 590 406 Bassus
613 362 731 423 quoque
755 342 853 405 clarus
876 344 982 405 iambis

179 437 281 497 Dulcia
304 437 457 497 convictus
481 432 612 493 membra
636 432 719 493 suere
742 434 819 513 mei3

179 524 216 585 Et
240 525 336 584 tenuit
359 531 476 583 nostras
499 538 676 582 numerosus
700 519 840 581 Horatius
859 538 965 601 aures,

131 625 165 676 oo
180 612 255 673 Dum
279 612 348 672 serit
370 611 500 670 Ausonia
523 610 652 669 carmina
676 608 754 669 culta
777 608 856 688 lyra.

179 698 339 778 Vergilium
361 697 421 758 vidi
444 705 580 776 tantum3
603 713 659 757 nec
683 713 780 756 amara
803 695 920 757 Tibullo

180 787 309 866 Tempus
334 787 478 848 amicitiae
502 786 560 845 lata
583 780 692 844 dedere
716 801 815 845 meae.

182 876 343 936 Successor
366 875 424 934 fuit
444 873 493 934 hic
517 872 593 953 tibi,
617 871 719 952 Galle,
741 871 917 954 Propertius
940 869 1000 952 illi3

181 963 310 1033 Quartus
335 961 370 1022 ab
393 961 441 1022 his
464 962 542 1021 serie
565 961 708 1038 temporis
731 962 794 1037 ipse
818 961 882 1021 lui.

133 1063 166 1112 55
181 1051 278 1129 thue
302 1067 356 1127 ego
380 1051 529 1125 maiores,
553 1050 596 1109 sic
619 1065 666 1108 me
690 1047 809 1108 coluere
833 1049 982 1129 minores,

180 1138 314 1217 Notaque
337 1154 396 1198 nou
421 1137 503 1197 tarde
527 1135 602 1196 iacta
625 1134 727 1197 Thalia
750 1153 815 1196 mea
837 1143 900 1196 est.

182 1226 318 1287 Carmina
341 1243 409 1286 cum
432 1225 561 1303 primum
584 1222 693 1302 populo
716 1222 861 1285 iuvenalia
884 1223 961 1304 legi,

181 1313 276 1375 Barba
299 1320 414 1373 resecta
438 1311 509 1372 mihi
531 1311 613 1372 bisve
637 1310 764 1372 semelve
788 1311 861 1373 suit.

181 1402 313 1462 Moverat
335 1402 487 1479 ingenium
510 1406 602 1460 totam
626 1406 741 1460 cantata
762 1416 817 1478 per
839 1397 950 1460 Urbem

136 1504 169 1552 60
184 1490 308 1549 Nomine
331 1506 392 1550 non
416 1505 484 1548 vero
508 1486 586 1549 dicta
609 1486 736 1548 Corinna
759 1486 848 1548 mihi.
963 1474 984 1495 κ

183 1577 273 1637 Multa
297 1575 416 1655 quidem
439 1577 568 1656 scripsi,
590 1575 643 1636 sed
668 1592 742 1654 quae
765 1576 870 1635 vitiosa
892 1575 1012 1654 putavi,

185 1663 393 1724 Emendaturis
415 1661 534 1741 ignibus
557 1665 621 1741 ipse
644 1662 730 1723 dedi.
1038 1659 1044 1672 ’

184 1751 267 1812 Tunc
291 1767 433 1830 quoque,
456 1768 523 1810 curm
548 1751 703 1832 sugerem,
726 1749 869 1829 quaedam
892 1749 1035 1830 placitura

564 1840 708 1919 cremavi,
794 1858 798 1864 ·

185 1927 281 1986 lratus
305 1925 403 1987 studio
427 1925 666 2005 carminibusque
690 1928 783 1986 meis.

137 2026 171 2075 65
185 2014 271 2074 Molle
295 2012 466 2093 Cupidineis
489 2031 544 2074 nec
567 2013 793 2092 inexpugnabile
816 2012 883 2074 telis

186 2101 244 2162 Cor
266 2100 362 2181 mihi,
386 2100 524 2181 quodque
547 2101 620 2162 levis
643 2120 731 2162 causa
753 2109 909 2183 moveret,
934 2108 1013 2162 erat,

186 2189 260 2251 Cum
283 2197 382 2249 tamen
405 2188 455 2249 hie
478 2205 597 2270 essem,
620 2191 801 2269 minimoque
820 2189 1001 2251 accenderer
1022 2188 1078 2268 igni

186 2276 311 2338 Nomine
334 2275 390 2338 sub
414 2285 516 2338 nostro
540 2276 638 2337 fabula
661 2276 741 2338 nulla
764 2277 836 2338 luit.

185 2365 282 2426 Paene
307 2365 378 2425 mihi
402 2383 494 2444 puero
518 2383 574 2426 nec
597 2364 684 2443 digua
707 2382 763 2425 nee
786 2364 868 2426 utilis
891 2382 967 2426 trxor

139 2467 172 2516 vo
187 2453 241 2515 Est
263 2453 351 2534 data,
375 2471 449 2532 quae
473 2463 590 2532 tempus
613 2470 668 2532 per
691 2452 780 2513 breve
804 2460 896 2531 nupta
920 2453 993 2514 luit.

186 2542 232 2602 llli
255 2544 400 2603 successit
413 2588 422 2623 ,
446 2543 579 2620 quamvis
602 2543 666 2601 sine
690 2542 813 2602 crimine
838 2542 986 2623 coniunx,

186 2630 252 2689 Non
276 2632 428 2690 tamenin
452 2636 554 2688 nostro
578 2628 661 2688 firma
685 2628 785 2689 futura
808 2635 891 2689 toro.

187 2716 317 2797 Ultima,
340 2734 415 2796 quae
439 2732 556 2776 mecum
579 2733 662 2777 seros
685 2718 848 2796 permansit
870 2718 901 2777 in
925 2733 1051 2795 anuos‚·

188 2803 336 2864 Sustinuit
358 2805 487 2863 coniunx
510 2803 604 2864 exulis
628 2821 693 2865 esse
716 2806 788 2865 viri.

140 2906 172 2953 vo
189 2890 262 2952 Filia
285 2909 332 2952 me
356 2908 420 2951 mea
442 2890 488 2950 bis
511 2893 606 2969 prima
629 2891 754 2953 fecunda
777 2893 914 2972 iuventa,

189 2979 246 3040 Sed
270 2996 328 3038 non
353 2997 389 3039 ex
412 2996 472 3040 uno
496 2981 640 3061 coniuge,
663 2980 734 3041 iecit
756 2997 861 3040 avum.

186 3067 225 3128 lit
247 3069 305 3127 iam
329 3066 490 3146 complerat
513 3070 629 3145 genitor
653 3085 705 3129 sua
729 3069 809 3148 sata,
833 3083 997 3147 novemque

187 3154 348 3216 Addiderat
370 3155 474 3216 lustris
497 3155 588 3216 altera
611 3155 705 3216 lustra
728 3172 852 3216 novem.

186 3244 251 3304 Non
275 3243 360 3304 aliter
382 3242 467 3324 llevi,
491 3260 579 3322 quam
603 3261 649 3304 me
672 3243 798 3305 fleturus
821 3241 991 3324 ademptum

139 3344 173 3392 80
187 3331 239 3392 llle
262 3332 340 3392 fuit.
381 3333 468 3393 matri
490 3334 624 3411 proxima
647 3331 724 3392 iusta
748 3331 819 3393 tuli.

187 3418 301 3480 Felices
324 3419 409 3481 ambo
432 3421 666 3500 tempestiveque
690 3419 817 3500 sepulti,

187 3507 262 3567 Ante
285 3505 362 3568 diem
385 3525 497 3587 poenae
522 3508 600 3588 quod
624 3509 741 3586 periere
763 3502 864 3568 meael
