2386 3892
561 183 733 234 TRISTIUM

230 346 269 406 Et
291 347 400 406 tacitus
424 363 548 426 secum,
572 363 609 405 ne
634 347 700 423 quis
724 344 818 405 malus
842 344 962 425 audiat,
986 352 1086 426 optet,

179 447 214 494 30
230 434 276 494 Sit
299 451 363 493 mea
386 433 477 493 lenito
502 432 626 492 Caesare
650 450 745 511 poena
768 432 858 493 levis:

228 520 289 581 Nos
312 538 453 602 quoque,
478 522 612 599 quisquis
636 522 693 580 erit
705 566 715 599 ‚
738 537 775 580 ne
804 522 843 580 sit
863 520 953 581 miser
976 522 1063 602 ipse,
1085 540 1152 601 pre-

662 625 782 687 camur,

231 695 364 757 Placatos
388 697 497 755 misero
521 698 573 774 qui
594 694 673 755 volet
696 713 761 756 esse
781 695 869 756 deos.

232 784 373 862 Quaeque
396 783 497 863 volet,
520 791 583 843 rata
606 785 667 843 sint
679 826 687 862 ,
711 782 864 861 ablataque
887 784 1032 863 principis
1054 785 1100 845 ira

233 871 360 932 Sedibus
382 873 413 931 in
436 873 539 950 patriis
563 871 614 931 det
636 870 708 931 mihi
729 888 818 950 posse
841 869 934 931 moril

183 971 217 1020 35
232 959 270 1020 Ut
293 977 416 1038 peragas
440 958 597 1038 mandata,
620 957 717 1038 liber,
740 957 898 1037 culpabere
921 959 1023 1018 forsan

233 1047 407 1126 Ingeniique
430 1049 527 1107 minor
550 1046 636 1106 laude
660 1046 757 1107 serere
780 1049 854 1107 mei.

232 1135 341 1196 ludicis
365 1134 496 1195 cilicium
520 1143 566 1194 est
578 1181 588 1215 ‚
611 1142 645 1194 ut
667 1151 740 1214 res,
762 1136 804 1194 ita
826 1143 960 1212 tempora
982 1152 1088 1196 rerum

233 1222 406 1293 Quaerere.
440 1224 574 1300 quaesito
597 1230 731 1300 tempore
755 1229 838 1282 tutus
862 1223 939 1283 eris.

231 1310 367 1371 Carmina
390 1312 571 1390 proveniunt
592 1312 689 1370 animo
714 1309 839 1370 deducta
863 1327 988 1372 sereno:

182 1410 216 1459 4ο
231 1397 336 1459 Nubila
360 1407 431 1459 suni
453 1397 559 1458 subitis
583 1404 716 1475 tempora
738 1405 840 1458 nostra
863 1397 964 1459 malis.

232 1486 368 1546 Carmina
392 1502 544 1546 secessum
567 1484 725 1547 scribentis
750 1492 780 1545 et
803 1486 861 1545 otia
885 1493 1052 1564 quaerunt:

231 1575 277 1633 Me
301 1591 405 1652 mare,
428 1591 475 1632 me
498 1574 602 1654 venti,
624 1589 672 1632 me
695 1573 758 1632 iera
781 1574 870 1634 iactat
891 1572 1004 1634 hiems.

233 1660 420 1721 Carminibus
443 1667 540 1720 metus
564 1661 659 1720 omnis
683 1659 790 1722 obest:
813 1679 868 1740 ego
891 1661 1027 1739 perditus
1051 1680 1154 1724 ensem

232 1747 398 1808 Haesurum
422 1747 523 1824 iugulo
547 1749 604 1808 iam
627 1755 699 1826 puto
722 1749 840 1827 iamque
863 1767 947 1809 mec.

184 1848 218 1895 45
232 1835 312 1896 Haec
335 1853 454 1914 quoque
478 1835 557 1914 quod
581 1837 655 1896 facio
668 1881 678 1916 ‚
701 1836 788 1896 iudex
811 1836 967 1918 mirabitur
990 1854 1121 1919 aequus,

233 1923 409 2002 Scriptaque
432 1941 500 1984 cum
523 1926 607 1984 venia
631 1923 856 2002 qualiacumque
879 1924 975 2003 leget.

233 2011 275 2070 ba
298 2011 370 2071 mihi
392 2011 565 2072 Maeoniden
589 2020 620 2071 et
642 2019 687 2071 tot
705 2013 864 2072 circumice
888 2029 992 2094 casus,

232 2098 386 2177 lngenium
409 2101 499 2160 tantis
523 2098 639 2159 excidet
661 2116 749 2159 omne
767 2099 880 2160 malis·

232 2186 366 2265 benique
389 2204 514 2248 securus
538 2187 655 2266 lamae,
676 2186 752 2248 liber
764 2234 773 2267 ,
793 2189 840 2255 ire
863 2196 1032 2270 memento,

184 2287 218 2334 50
232 2273 294 2334 Nec
317 2273 371 2334 tibi
394 2276 434 2334 sit
455 2274 533 2336 lecto
557 2273 743 2354 displicuisse
766 2275 880 2354 pudor.

232 2362 297 2422 Non
320 2363 360 2422 ita
384 2380 416 2422 se
439 2362 562 2440 praebet
584 2362 670 2423 nobis
693 2363 812 2423 fortuna
835 2363 1015 2445 secundam,

232 2449 270 2511 Ut
294 2448 348 2510 tibi
370 2452 410 2510 sit
432 2453 506 2511 ratio
530 2450 625 2511 laudis
648 2449 782 2511 habenda
804 2459 890 2513 tuae.

231 2538 331 2598 bonec
355 2556 435 2599 eram
459 2556 585 2619 sospes,
608 2538 688 2599 tituli
710 2538 851 2618 tangebar
874 2556 992 2620 amore,

232 2625 460 2705 Orraerendique
483 2627 556 2686 mihi
579 2627 707 2686 nominis
730 2626 818 2686 ardor
841 2633 921 2688 erat.

183 2724 217 2773 55
233 2713 369 2774 Carmina
387 2732 466 2774 nunc
486 2716 512 2773 si
531 2731 591 2773 non
610 2714 823 2794 studiumque,
847 2715 926 2793 qucd
945 2714 1066 2796 obluit,
1084 2714 1146 2793 odi,

233 2800 278 2860 Sit
301 2801 394 2863 satis.
426 2803 544 2878 ingenio
568 2802 611 2861 sic
630 2802 698 2880 luga
721 2809 805 2881 parta
828 2820 912 2863 meo.

231 2887 277 2948 Tu
301 2894 399 2948 tamen
423 2889 434 2947 i
455 2906 510 2967 pro
533 2906 604 2970 me,
627 2898 683 2970 tu,
707 2892 756 2951 cui
778 2889 870 2969 licet,
893 2893 992 2969 aspice
1012 2887 1145 2952 Romam!

232 2975 267 3035 bi
290 2976 445 3055 lacerent,
466 2994 585 3056 possem
608 2994 688 3038 nuuc
711 2996 795 3039 meus
819 2996 885 3039 esse
907 2977 1002 3041 liber!

231 3062 292 3124 Nec
315 3071 365 3142 te,
390 3064 468 3143 quod
487 3067 588 3125 venias
611 3083 747 3143 magnam
769 3068 946 3145 peregrinus
968 3069 1000 3128 in
1023 3066 1142 3142 Urbem,

183 3165 216 3213 60
231 3150 367 3230 ignotum
391 3152 499 3230 populo
523 3171 611 3231 posse
634 3156 735 3215 venire
758 3161 845 3232 puta.

231 3239 269 3300 Ut
292 3239 378 3301 titulo
403 3258 525 3320 careas,
548 3244 612 3320 ipso
636 3259 760 3302 noscere
785 3242 899 3304 coloret

230 3327 422 3388 Dissimulare
446 3328 540 3409 velis,
563 3336 593 3389 te
616 3328 710 3409 liquet
733 3347 799 3390 esse
822 3348 939 3391 meum.

232 3414 313 3475 Clam
336 3423 434 3476 tamen
457 3418 589 3496 intrato,
612 3435 650 3477 ne
673 3426 703 3478 te
727 3435 792 3478 mea
816 3420 946 3479 carmina
969 3417 1097 3480 laedant.

230 3501 296 3564 Non
320 3511 413 3584 sunt,
435 3511 469 3565 ut
493 3504 662 3586 quondam,
685 3504 771 3585 plena
794 3505 925 3580 favoris,
949 3514 1050 3568 erant.
