2386 3892
465 195 500 247 11.
520 197 668 249 566-084.
1002 193 1067 260 251

154 358 198 420 lix
220 360 291 418 vitio
313 359 464 437 positum.
504 374 592 436 saepe
615 357 658 418 illi
680 357 795 420 dixerat
816 357 902 419 Almo

198 440 288 506 ‘Nata
300 493 309 526 ,
332 453 400 505 tene
424 445 552 524 linguam
565 439 590 524 ,'
614 463 670 506 neo
692 453 791 507 tumen
812 445 862 507 illa
884 453 984 508 tenet.

155 533 236 605 Quae
259 533 347 593 simul
369 550 403 593 ac
426 535 522 611 tetigit
543 532 685 595 Iuturnae
707 541 808 613 stagna
832 535 962 616 sororis,

199 615 333 700 ‘Effuge'
357 622 398 681 ait
421 615 515 699 ‘ripas
529 615 553 680 1’
578 620 655 681 dicta
678 622 829 700 refertque
852 621 945 682 lovis.

88 720 142 772 605
156 708 208 769 llla
230 712 318 769 etiam
341 706 485 769 lunonem
507 707 600 789 adiit,
622 709 819 788 miserataque
842 717 967 791 nuptas,

199 791 306 857 ‘Naida
328 795 481 856 Iuturnam
504 797 549 855 vir
571 791 658 857 tuus'
682 797 779 875 inquit
802 790 930 857 ‘amat'

155 883 287 963 luppiter
309 885 471 962 intumuit,
494 900 611 962 quaque
635 892 763 944 estnon
786 901 839 944 usa
862 884 1012 965 modeste,

201 971 318 1050 Eripuit
340 971 469 1049 linguam
481 1016 490 1049 ,
513 970 753 1050 Mercuriumque
775 979 877 1034 vocat:

157 1054 235 1121 ‘lluc
258 1059 334 1120 hanc
357 1057 392 1118 ad
416 1075 540 1138 manes;
561 1058 646 1120 locus
668 1058 718 1120 ille
740 1058 897 1121 silentibus
919 1068 1025 1139 aptus.

90 1161 141 1210 610
199 1146 355 1229 Nympha,
378 1145 431 1207 sed
454 1147 586 1207 internae
609 1147 737 1226 nympha
759 1146 875 1227 paludis
896 1141 990 1210 erit.'

156 1235 238 1298 Iussa
260 1233 336 1295 lovis
360 1235 455 1294 fiunt.
496 1235 611 1312 accepit
632 1233 718 1296 lucus
740 1247 863 1296 euntes.
920 1275 924 1281 -

200 1322 315 1384 Dicitur
337 1321 386 1382 illa
408 1321 479 1382 duci
501 1328 572 1382 tunc
595 1321 742 1401 placuisse
764 1322 838 1384 deo.
1003 1390 1007 1399 q

157 1410 221 1472 Vim
244 1417 328 1490 parat
349 1408 417 1490 hio,
440 1407 521 1471 voltu
543 1427 598 1488 pro
621 1408 719 1471 verbis
741 1409 790 1471 illa
812 1417 974 1493 precatur,

200 1497 239 1559 Et
262 1498 372 1560 trustra
395 1504 477 1558 muto
499 1498 606 1558 nititur
627 1515 679 1559 ore
701 1497 803 1577 loqui.

92 1597 143 1648 oto
157 1586 263 1665 Fitque
286 1586 406 1666 gravis,
429 1586 621 1664 geminosque
642 1587 721 1665 perit
732 1630 742 1667 ,
765 1587 817 1666 qui
838 1588 966 1666 compita

703 1681 822 1736 serrant

202 1759 241 1821 Et
263 1760 382 1841 vigilant
405 1768 506 1823 nostre
528 1778 646 1841 semper
666 1763 698 1823 in
721 1761 818 1843 urbe,
840 1761 947 1823 Lares.

503 1897 555 1964 22.
576 1894 637 1963 uo

159 2023 296 2084 Proxima
319 2025 436 2102 cognati
457 2022 559 2085 dixere
583 2023 707 2086 Caristia
729 2026 809 2106 cari,

202 2110 241 2172 Et
262 2113 343 2172 venit
365 2111 400 2173 ad
423 2112 520 2173 socios
543 2109 630 2173 turha
652 2113 819 2192 propinqua
840 2110 930 2175 deos.

160 2197 281 2258 Scilicet
303 2215 319 2259 a
342 2198 463 2261 mmnlis
486 2201 591 2278 etqui
612 2201 752 2281 periere,
774 2201 949 2280 propinquis

93 2298 145 2347 ono
203 2284 344 2351 Protinus
365 2285 403 2347 ad
425 2288 507 2348 visos
529 2303 580 2347 ora
603 2285 717 2347 referre
738 2287 840 2366 iuvat,

159 2372 290 2451 Postque
313 2381 357 2436 tot
379 2375 503 2436 amissos
525 2372 668 2452 quidquid
692 2372 729 2434 de
752 2375 895 2452 sanguine
917 2380 1028 2450 restet,

202 2462 366 2541 aspicere,
389 2470 420 2523 st
440 2463 559 2541 generis
581 2460 770 2523 dinumerare
791 2460 918 2539 gradus.
1125 2472 1131 2477 ·

159 2549 284 2611 lnuocui
305 2552 444 2611 veniant.
485 2548 590 2628 procul
611 2547 704 2630 hinc,
726 2546 831 2627 procul
852 2549 962 2628 impius
984 2555 1048 2611 esto

204 2635 330 2719 Frater,
352 2645 383 2699 et
403 2639 436 2698 in
458 2645 562 2717 partus
583 2644 678 2698 mater
700 2635 807 2699 acerba
828 2652 920 2718 suosq

93 2735 145 2786 sao
160 2722 215 2785 Gui
237 2731 322 2804 pater
344 2733 391 2788 est
413 2725 520 2806 virm,
541 2726 594 2804 qul
615 2726 720 2787 matris
742 2724 850 2804 digerit
871 2742 986 2808 annos,

205 2811 286 2882 Quae
310 2815 418 2892 premit
440 2814 565 2875 inrisum
586 2830 692 2875 socrus
712 2814 816 2894 iniqua
836 2831 963 2877 nurum.

159 2897 328 2962 Tanulldse
350 2901 458 2963 fratres
480 2897 599 2983 absint,
621 2908 652 2964 et
674 2900 787 2965 laconis
809 2900 903 2984 uror,

202 2986 241 3048 llt
263 3006 338 3067 quae
361 2987 499 3051 ruricolis
522 2991 634 3051 semina
656 2996 735 3053 tosta
756 2989 855 3071 dedit,

158 3074 197 3136 Et
220 3093 305 3137 soror
328 3083 359 3138 et
379 3075 520 3160 Progne,
541 3076 714 3158 Tereusque
737 3074 852 3138 dusius
873 3076 1012 3154 iniquus,

91 3175 145 3224 630
204 3162 242 3224 Et
264 3166 445 3243 quicumque
467 3183 537 3226 suas
558 3184 614 3246 per
636 3165 734 3227 seeum
756 3169 846 3241 auget
866 3176 957 3241 opes.

158 3249 210 3312 Dis
231 3253 352 3330 generis
368 3251 441 3315 ‘date
463 3260 532 3314 turs
553 3253 646 3315 boni.
687 3247 852 3313 Concordia
872 3248 970 3311 lertur

202 3337 254 3398 llla
276 3341 436 3419 praecipue
458 3341 540 3401 mitis
560 3339 664 3401 adesse
686 3336 752 3399 die.
835 3381 841 3391 .

157 3423 196 3486 Et
218 3424 307 3488 libate
330 3425 443 3507 dapes,
464 3433 522 3507 ut,
543 3427 620 3504 greti
641 3427 749 3505 pignus
771 3423 912 3508 honoris,

202 3512 321 3575 Nutrtat
343 3514 489 3575 incinctos
511 3514 601 3574 misse
623 3512 729 3593 patelln
750 3511 859 3581 leros.
