2386 3892
466 181 515 234 111.
534 183 682 233 253-333.
1009 177 1073 245 267

91 357 144 409 300
202 343 267 404 Ηο0
290 344 370 404 venit
382 388 391 420 ,
414 350 444 403 et
466 341 553 405 Fonti
575 361 628 404 rex
650 342 746 405 Numa
768 350 878 405 muetnt
899 361 1002 407 ovem:

157 431 306 510 Plenaque
329 430 443 492 odorati
465 429 597 511 disponit
617 430 723 511 poeula
746 430 873 513 Broebi,

202 519 334 598 Cumque
357 521 420 580 suis
443 527 528 579 antro
552 520 689 582 conditus
711 521 776 599 ipsa
798 518 887 582 latet.

157 607 202 668 ild
225 607 327 668 solitos
348 608 471 667 veniunt
494 605 639 668 silvestria
661 609 783 669 numina
806 608 922 690 lentes,

201 694 240 756 Et
262 694 392 755 relevant
414 693 507 755 multo
529 700 651 774 pectora
673 696 752 756 sicea
774 713 874 757 mero.

91 796 142 848 305
158 783 230 844 Vina
254 783 340 861 quies
362 784 519 860 sequitur.
555 782 651 861 geddo
673 781 769 844 Numa
790 782 891 862 prodit
912 781 949 845 ab
970 789 1075 865 antro,

201 868 361 948 Vinclaque
377 871 495 948 sopitas
517 869 598 930 addit
619 872 649 930 in
673 877 737 931 arta
759 888 881 932 manus.

158 958 286 1019 Somnus
310 967 343 1018 ut
365 955 530 1038 abscessit,
553 958 710 1037 pugnando
733 958 849 1021 vinnula
871 964 1019 1040 temptant

201 1046 373 1124 Rumpere:
404 1053 570 1124 pugnantes
592 1045 701 1109 lortius
723 1045 775 1108 illa·
794 1055 916 1109 tenent.

157 1133 240 1195 Tune
263 1133 374 1194 Numa:
401 1128 447 1193 ‘di
469 1151 647 1214 nemorum,
669 1134 756 1197 laetis
777 1137 922 1215 ignoscite
943 1135 1075 1215 nostris,

90 1235 143 1284 310
202 1221 234 1282 Si
257 1221 354 1282 scelus
376 1222 495 1299 ingenio
518 1223 601 1282 scitis
624 1221 728 1283 abesse
751 1240 835 1303 meo;

159 1311 283 1388 Quoque
306 1308 393 1368 modo
416 1309 511 1387 possit
533 1308 669 1390 tulmen,
689 1317 875 1390 monstrate,
897 1304 1006 1388 plari.'

202 1396 251 1457 Sic
274 1395 390 1456 Numa.
422 1396 474 1468 ,sie
498 1397 634 1475 quatiens
656 1414 769 1459 cornua
789 1396 910 1459 Faunus
932 1398 990 1459 ait:

157 1482 275 1564 ‘Magna
298 1485 397 1563 petis,
419 1501 475 1544 nee
498 1495 574 1562 qnae
596 1486 713 1547 monitu
734 1483 789 1547 tibi
810 1484 927 1547 dissere
948 1491 1052 1547 nostro

201 1572 257 1632 Fas
280 1573 341 1632 sit.
381 1569 492 1633 babent
513 1572 580 1632 linis
602 1573 725 1634 numina
746 1581 852 1635 nostra
871 1590 958 1634 suos.

90 1674 142 1723 315
157 1661 192 1721 Di
215 1677 318 1721 sumus
341 1666 472 1738 agrestes
496 1667 528 1720 et
549 1661 607 1739 qui·
624 1659 811 1723 dominemur
832 1663 865 1725 lu
886 1660 953 1723 alus

110 1802 118 1814 ,
201 1746 372 1808 Montibus
413 1746 569 1809 arbitrium
591 1754 639 1809 est
660 1749 692 1810 ln
714 1765 768 1811 sua
789 1747 848 1810 telo
869 1746 949 1811 lori.

157 1835 243 1896 Hunc
267 1843 298 1895 tu
322 1851 382 1894 non
404 1836 516 1913 poteris
539 1843 645 1914 perte
668 1835 816 1898 deducere
834 1835 938 1917 eaelo,

201 1923 238 1982 dt
260 1923 371 2001 poteris
394 1929 495 1983 nostra
518 1921 642 1984 forsitan
665 1940 737 1985 usus
759 1918 851 2004 ope.’

157 2011 276 2071 Dixerat
298 2011 371 2070 haee
393 2008 535 2072 Faunus.
575 2027 628 2089 par
652 2019 699 2072 est
720 2013 867 2074 sententia
889 2010 969 2075 Piel.

90 2113 142 2161 330
201 2094 322 2159 ‘Deme'
347 2107 445 2159 tamen
469 2092 570 2159 ‘nobis
593 2097 709 2160 vincula
721 2093 747 2180 ,⁹
769 2098 861 2162 Pious
882 2099 925 2160 ait

157 2184 305 2265 ‘luppiter
328 2185 529 2264 nocuerint,
552 2184 645 2247 rabdo
667 2187 831 2265 perductus
853 2185 890 2247 ab
913 2193 995 2249 arte.

200 2272 306 2334 Nubila
329 2273 467 2351 promissi
490 2270 563 2352 Styx
584 2271 657 2335 mihi
680 2275 766 2335 testis
787 2268 880 2336 erit.'

156 2362 265 2422 Emissi
288 2361 401 2439 laqueis
424 2360 496 2439 quid
518 2367 627 2442 agant,
650 2378 727 2440 quae
749 2362 880 2423 earmina
902 2360 1019 2441 ditant,
1130 2370 1137 2379 “

200 2449 323 2527 Quaque
347 2446 465 2510 trabant
486 2449 604 2527 superis
626 2447 748 2511 sedibus
769 2456 833 2510 arte
856 2445 973 2529 lovem,

89 2552 140 2601 325
156 2538 240 2598 Scire
263 2535 346 2597 nelos
368 2534 502 2597 homini.
542 2535 629 2601 nobis
651 2553 792 2598 concessa
815 2543 959 2601 ornentur

201 2625 341 2704 Quaeque
364 2623 414 2702 plo
436 2622 591 2685 (11013οῑ10
614 2622 651 2685 ab
673 2641 726 2685 ore
748 2622 835 2685 lieet.

155 2714 286 2774 Eliciunt
308 2710 389 2773 eaelo
412 2719 442 2773 ta
454 2757 464 2793 ,
486 2710 642 2792 luppiter.
684 2711 764 2773 unde
786 2712 918 2775 minores

198 2800 284 2884 lflune
307 2816 426 2879 quoque
449 2807 479 2862 te
502 2798 653 2861 celebrant
665 2845 676 2880 ,
697 2797 884 2880 Ellelumque
906 2805 1031 2863 rotant.

154 2890 277 2952 Constat
298 2887 460 2949 Aventinae
482 2887 641 2949 tremuisse
663 2889 817 2951 oaoumioa
838 2887 947 2969 silvae,

89 2992 141 3041 330
200 2978 352 3055 Terraque
376 2973 511 3037 subsedit
532 2973 668 3054 pondere·
686 2992 790 3056 pressa
812 2975 906 3039 lovis.

155 3065 250 3127 Corda
272 3067 384 3127 micant
404 3064 484 3142 regis
496 3109 506 3145 ,
528 3070 650 3143 totoque
673 3082 691 3126 e
713 3081 839 3145 eorpore
862 3061 983 3141 sanguis

198 3153 308 3235 Fugit,
331 3159 362 3214 et
383 3151 516 3213 hirsutae
538 3151 695 3232 deriguere
718 3168 837 3213 comae.

156 3241 193 3302 Ut
215 3243 304 3303 rediit
326 3240 464 3320 animus,
488 3233 539 3300 ‘da
562 3247 644 3301 terta
665 3232 808 3318 plamlna'
832 3235 909 3299 dixit

199 3329 365 3409 Fulminis,
388 3325 515 3389 altorum
536 3343 649 3404 rexque
671 3332 815 3404 paterque
839 3324 945 3405 deum,

89 3431 140 3479 335
156 3417 187 3477 Si
211 3427 261 3478 tua
284 3417 462 3493 contigimus
482 3411 620 3475 manibus
643 3411 764 3475 donaria
785 3413 892 3494 puris„

199 3503 261 3564 1100
284 3518 426 3582 quoque,
448 3501 527 3580 quod
550 3500 684 3581 petitur,
712 3502 811 3582 sipin
832 3499 933 3582 linqua
953 3494 1070 3581 rogat?
