2386 3892
554 168 603 218 EX
621 167 741 219 PONTO

451 427 589 512 LIBllR
617 425 842 512 QUARTUS.

550 628 552 633 '
635 618 662 693 Ι.

235 771 343 850 Accipe
355 817 364 853 ,
387 770 530 850 Pompei,
554 768 714 830 deductum
738 785 857 830 carmen
880 767 1010 854 abillo,

280 858 403 920 Debitor
426 866 471 919 est
494 859 570 918 vitae
594 858 647 936 qui
669 856 745 937 tibi,
769 855 879 937 Sexte,
903 875 992 919 suae.

238 947 295 1018 Qui
319 966 372 1008 seu
395 964 455 1007 non
478 945 619 1025 prohibes
642 963 658 1004 a
680 962 727 1005 me
752 954 803 1006 tna
826 947 943 1006 nomina
968 947 1057 1027 poni,

281 1034 410 1095 Accedet
433 1036 547 1094 meritis
570 1033 642 1093 haec
666 1050 785 1113 quoque
808 1051 922 1094 summa
944 1035 1024 1096 tuis:

207 1122 305 1185 aSive
331 1122 422 1183 trahis
446 1122 546 1182 vultus
558 1168 567 1201 ‚
591 1120 728 1200 equidem
750 1139 889 1200 peccasse
913 1119 1047 1204 fatebor,

281 1210 387 1272 Delicti
409 1218 508 1271 tamen
531 1217 577 1271 est
599 1227 687 1270 caiisa
709 1208 860 1289 probanda
883 1210 959 1271 mei.

237 1298 302 1359 Nou
325 1301 422 1378 potuit
445 1316 509 1359 mea
532 1315 638 1378 mens,
662 1300 734 1376 quin
757 1305 837 1359 esset
859 1305 940 1377 grata
953 1344 962 1379 ‚
986 1300 1099 1360 teneri.

283 1386 328 1449 Sit
350 1405 458 1467 precor
481 1386 578 1446 cilicio
602 1404 661 1446 non
685 1387 781 1465 gravis
803 1388 847 1446 ira
870 1387 937 1465 pio.

238 1473 280 1537 01
304 1478 441 1555 quotiens
465 1493 519 1553 ego
543 1492 608 1535 sum
632 1473 715 1534 libris
738 1474 810 1535 mihi
833 1475 914 1536 visus
936 1475 968 1535 in
991 1475 1058 1536 istis

191 1576 223 1625 10
282 1563 415 1644 Impius,
438 1565 469 1623 in
491 1561 572 1623 nullc
596 1563 674 1640 quod
697 1561 830 1642 legerere
854 1563 938 1623 loco:

241 1650 283 1712 0!
308 1653 467 1731 quotiens,
490 1649 538 1711 alii
561 1668 629 1711 eum
652 1649 755 1711 vellem
780 1650 933 1731 scribere,
958 1646 1067 1711 nomen

281 1738 406 1799 Rettulit
428 1741 459 1798 in
483 1755 566 1798 ceras
589 1740 682 1799 inscia
705 1737 808 1799 dextra
831 1737 932 1800 tuum!

237 1827 302 1907 lpse
327 1825 399 1887 mihi
421 1825 532 1906 placuit
553 1826 668 1887 mendis
691 1828 722 1886 in
746 1825 853 1887 talibus
876 1843 983 1907 error,

282 1913 320 1974 Et
343 1916 390 1974 vix
412 1915 502 1974 invita
526 1914 601 1974 iacta
624 1914 712 1975 litura
736 1932 825 1976 manu
848 1921 910 1975 est.

193 2015 224 2065 15
240 1997 385 2062 ‘Viderit'
409 2001 444 2062 ad
468 2020 616 2062 summum
640 2002 721 2062 dixi.
764 1998 849 2062 ‘lieet
872 2003 935 2082 ipse
960 2011 1117 2083 queratur,

282 2089 364 2150 Hanc
387 2088 479 2169 pudet
502 2090 643 2150 ollensam
666 2108 725 2150 non
749 2092 893 2152 meruisse
916 2085 1032 2170 prius?

238 2179 279 2238 lla
303 2176 395 2257 mihi,
418 2176 515 2256 siquid
535 2195 568 2237 ea
592 2185 637 2238 est
648 2225 657 2258 ,
675 2177 864 2239 hebetantem
883 2186 1005 2258 pectora
1023 2177 1147 2259 Lethen,

284 2263 401 2326 Oblitus
423 2274 528 2345 potero
552 2273 732 2327 nontamen
756 2283 821 2326 esse
845 2267 905 2328 tui.

240 2352 331 2432 quue
355 2355 434 2414 sinas
457 2371 533 2433 oro,
555 2372 611 2414 nec
635 2352 763 2414 fastidita
785 2353 911 2433 repellas

194 2455 227 2503 20
286 2441 403 2524 Verba,
425 2459 481 2502 nec
505 2443 601 2502 cilicio
626 2443 738 2502 crimen
761 2443 858 2503 inesse
881 2449 987 2523 putes,

238 2531 276 2591 Et
298 2529 371 2591 levis
394 2529 466 2590 haec
490 2531 603 2590 meritis
627 2530 775 2590 reseratur
797 2531 890 2609 gratia
913 2531 1022 2592 tantis:
1097 2540 1145 2592 (1⁰⁶)

283 2619 314 2678 Si
338 2620 457 2699 minus,
481 2619 572 2678 invito
597 2624 625 2678 te
650 2635 768 2696 quoque
790 2626 892 2696 gratus
916 2635 986 2678 ero.

239 2706 404 2783 Numquam
427 2709 510 2785 pigra
534 2706 590 2766 fuit
613 2707 722 2766 nostris
744 2713 796 2766 tua
819 2707 911 2784 gratia
935 2705 1045 2788 rebus,

282 2792 343 2852 Nec
365 2793 439 2852 mihi
463 2794 615 2854 munificas
639 2811 706 2854 arca
730 2796 846 2872 negavit
868 2811 958 2873 opes.

191 2891 224 2941 25
239 2879 324 2940 Nunc
347 2897 465 2958 quoque
489 2882 531 2941 nil
555 2879 660 2942 subitis
684 2881 839 2942 clementia
862 2883 968 2942 territa
990 2880 1058 2943 latis

282 2967 431 3027 Auxilium
454 2970 529 3028 vitae
553 2970 670 3049 fertque
694 2970 828 3048 feretque
852 2986 953 3031 meae.

238 3055 343 3137 Unde,
367 3073 453 3134 roges
477 3056 598 3135 forsan,
622 3057 728 3119 fiducia
751 3064 831 3118 tanta
854 3057 948 3119 luturi

285 3145 330 3205 Sit
352 3140 451 3204 mihi?
483 3143 562 3223 quod
586 3145 677 3225 fecit,
700 3146 826 3225 quisque
850 3153 952 3207 tuetur
975 3162 1066 3225 opus.

238 3231 276 3293 Ut
299 3232 398 3294 Venus
422 3233 543 3293 artificis
566 3232 649 3293 labar
672 3241 718 3294 est
741 3243 771 3295 et
793 3233 886 3313 gloria
909 3232 979 3313 Coi,

190 3331 224 3379 30
282 3320 437 3399 Aequorea
461 3321 591 3381 madidas
616 3338 690 3401 quae
713 3324 823 3400 premit
845 3319 941 3383 imbre
964 3338 1078 3383 comas:

237 3406 321 3468 dreis
346 3416 378 3469 ut
401 3409 525 3469 Actaeae
547 3409 592 3470 vel
616 3408 728 3470 eburna
751 3408 797 3470 vel
821 3427 907 3470 aerea
929 3416 1031 3471 custos

283 3494 390 3554 Bellica
413 3495 549 3556 Phidiaca
573 3505 630 3557 stat
653 3497 707 3557 dea
732 3495 806 3557 lacta
830 3514 937 3558 mauri:
