2386 3892
134 190 177 254 48
553 192 723 243 uersurum

177 368 209 416 10
224 354 458 434 pectoribusque
482 353 571 414 dabas
594 353 686 415 multa
711 353 834 433 tegenda
857 357 951 416 meis:

225 443 338 521 Cuique
362 461 415 521 ego
439 442 594 502 narrabam
618 445 727 502 secreti
750 443 891 521 quicquid
914 443 1076 526 habebam,

223 531 355 609 Excepto
379 530 457 609 quod
480 548 528 590 me
551 529 703 609 perdidit,
725 548 804 590 unus
827 548 911 590 eras.

224 619 256 678 ld
280 636 398 697 quoque
422 621 447 678 si
470 621 577 678 scisses
590 665 599 699 ,
622 618 701 678 salvo
724 617 858 678 fruerere
882 619 993 701 sodali,

225 707 413 785 Consilioque
437 707 531 766 iorem
555 723 680 786 sospes,
704 707 819 785 amice,
842 713 911 766 tuo.

177 808 209 855 15
225 794 282 854 Sed
306 813 370 855 mea
393 812 439 855 me
463 797 494 855 in
517 811 642 871 poenam
665 795 806 854 nimirum
829 794 886 854 lata
910 795 1086 859 trahebant:

224 882 317 944 Omne
340 882 433 942 bonae
457 881 595 942 claudent
618 881 753 942 utilitatis
776 883 851 942 iter.

225 970 292 1030 Sive
315 971 423 1030 malum
447 972 530 1049 potui
552 977 650 1030 tamen
674 968 730 1029 hoc
754 971 846 1029 vitare
870 971 1018 1052 cavendo,

225 1058 284 1118 Seu
308 1060 382 1118 ratio
407 1058 498 1118 latum
521 1060 640 1117 vincere
663 1057 743 1118 nulla
767 1057 861 1117 valet:
1064 1053 1067 1058 ’

223 1146 270 1206 Tu
292 1153 411 1225 tamen,
436 1164 452 1205 o
476 1146 561 1205 nobis
585 1163 642 1205 usu
665 1147 850 1205 iunctissime
873 1144 982 1226 longo,

175 1246 209 1294 20
224 1235 295 1294 Pars
319 1234 460 1295 desiderii
481 1235 606 1294 maxima
629 1251 722 1312 paene
745 1235 823 1312 mei,

225 1323 272 1382 Sis
294 1339 430 1403 memor,
453 1331 483 1381 et
506 1324 606 1403 siquas
629 1321 700 1382 lecit
722 1320 777 1382 tibi
799 1323 892 1400 gratia
915 1323 1013 1401 vires,

224 1411 290 1470 lllas
312 1429 367 1489 pro
392 1409 476 1470 nobis
500 1412 677 1490 experiare,
699 1426 788 1489 rogo,

224 1499 358 1559 Numinis
381 1505 415 1559 ut
438 1498 510 1557 laesi
533 1498 584 1558 liat
605 1499 789 1557 mansuetior
811 1498 873 1578 ira,

224 1587 394 1664 Mutatoque
418 1587 516 1645 minor
539 1587 578 1645 sit
600 1603 665 1644 mea
688 1603 783 1662 poena
806 1585 889 1646 loco.
999 1615 1001 1618 ⁴

176 1675 209 1733 25
225 1673 315 1752 ldque
338 1676 401 1752 ita,
425 1675 451 1732 si
474 1672 587 1732 nullum
611 1674 708 1733 scelus
732 1680 777 1733 est
800 1674 831 1732 in
854 1679 975 1751 pectore
999 1680 1123 1756 nostro,

224 1762 467 1839 Principiumquc
491 1762 550 1820 mei
573 1762 705 1820 criminis
729 1778 814 1820 error
836 1759 942 1821 habet.

224 1849 284 1908 Nec
307 1848 397 1909 breve
425 1866 480 1908 nec
502 1855 600 1909 tutum
613 1895 622 1929 ‚
646 1867 704 1927 quo
728 1850 788 1908 sint
811 1866 875 1907 mea
888 1893 897 1927 ‚
921 1848 1043 1930 dicere,
1074 1867 1146 1911 casu

223 1936 348 1996 Lumina
371 1937 482 1997 funesti
505 1939 622 1997 conscia
645 1936 720 1997 lacta
744 1934 830 2016 mali3

223 2025 365 2102 Mensque
389 2024 583 2104 reformidat,
606 2024 698 2084 veluti
721 2042 774 2084 sua
797 2023 941 2104 vulnera,
963 2032 1084 2103 tempus

176 2125 210 2172 30
224 2112 321 2192 lllud,
344 2120 373 2172 et
396 2112 547 2172 admonitu
570 2114 603 2172 iit
625 2129 719 2172 novus
742 2115 806 2190 ipse
829 2111 948 2192 pudor,

223 2200 261 2259 Et
284 2218 488 2279 quaecumque
511 2200 584 2260 adeo
608 2208 734 2278 possunt
756 2202 862 2260 alierre
885 2199 1054 2276 pudorem,

225 2287 275 2348 llla
298 2291 358 2366 tegi
381 2306 467 2348 caeca
491 2289 608 2348 condita
631 2296 718 2349 nocte
742 2288 849 2349 decet.

224 2374 270 2436 Nil
293 2378 385 2455 igitur
407 2377 556 2458 reseram,
578 2379 636 2437 nisi
659 2395 706 2437 me
729 2393 892 2456 peccasse,
916 2374 968 2434 sed
991 2374 1042 2434 illo

223 2464 356 2525 Praemia
378 2473 499 2544 peccato
523 2464 602 2525 nulla
625 2467 716 2543 petita
739 2464 829 2542 mihi,

176 2564 208 2612 35
225 2552 444 2631 stultitiamque
468 2571 567 2613 meum
591 2555 702 2613 crimen
726 2551 835 2612 debere
858 2551 975 2631 vocari,

224 2640 347 2701 Nomina
370 2643 396 2701 si
420 2641 496 2701 lacto
520 2640 645 2700 reddere
668 2659 737 2700 vera
759 2639 854 2700 velis.

224 2727 304 2798 Quae
328 2730 354 2788 si
377 2730 499 2788 nonita
524 2736 651 2788 sunt-
670 2727 781 2807 alium,
807 2745 865 2805 quo
888 2725 1007 2804 longius
1029 2725 1138 2802 absim,

225 2814 358 2885 Quaere!
379 2848 421 2858 -
441 2814 609 2877 suburbana
632 2825 678 2877 est
701 2817 749 2876 bic
772 2814 847 2875 mihi
869 2821 949 2874 terra
972 2813 1071 2874 locus.

598 3008 678 3083 VII.

222 3165 300 3228 Vade
325 3167 504 3248 salutatum,
527 3167 626 3228 subito
649 3174 806 3247 perarata,
829 3165 984 3245 Perillam,

222 3253 355 3336 Littera,
380 3258 525 3317 sermonis
548 3255 605 3315 ilda
629 3257 763 3315 ministra
786 3252 863 3315 mcii

223 3343 281 3402 Aut
303 3344 382 3404 illam
406 3346 540 3405 invenies
564 3343 642 3404 dulci
666 3361 734 3404 cum
757 3352 851 3403 matre
874 3341 1043 3421 sedentem,

223 3428 281 3489 Aut
304 3434 382 3491 inter
406 3432 498 3492 libros
521 3431 713 3510 Pieridasque
737 3449 823 3492 suas.

193 3515 372 3597 eQuicquid
396 3527 483 3601 aget,
508 3538 575 3581 cum
598 3528 628 3581 te
653 3521 754 3580 scierit
778 3520 916 3602 venisse,
939 3517 1103 3596 relinquet,

1079 3618 1190 3867 l
