2386 3892
433 179 478 229 IV.
498 180 645 232 ato-694.
980 175 1044 240 303

128 340 248 401 Faunus
272 341 354 401 adest
367 387 376 420 ,
399 343 557 419 oviumque
580 358 718 419 premens
741 341 815 420 pede
838 340 946 401 vellera
969 340 1043 401 duro

173 428 271 488 Edidit
295 448 310 488 a
333 428 436 488 dextro
462 429 528 489 talia
551 429 629 489 dicta
652 438 735 489 toro:

61 529 113 579 666
129 513 239 576 ‘Morte
263 516 352 576 boum
376 516 451 597 tibi,
474 535 548 596 rex,
572 516 672 577 Tellus
695 517 834 594 placanda
858 517 1004 579 duarum:

173 603 229 664 [iet
251 607 342 664 sacris
366 607 477 664 animas
501 622 559 664 arna
576 609 684 664 'necata
707 600 814 664 duas.'

127 692 283 752 Excutitur
307 701 422 752 terrore
447 693 552 769 quies:
584 691 678 751 Numa
702 694 762 751 visa
785 692 924 773 revolvit,

173 780 210 839 Et
234 798 334 840 secum
359 778 495 856 ambages
511 796 662 858 caecaque
686 781 766 840 iussa
789 780 899 840 refert.

127 867 254 945 Expedit
277 875 424 927 errantem
448 867 569 927 Nemori
591 869 756 945 gratissima
779 870 906 927 coniunx

62 970 112 1018 670
173 955 211 1014 Et
234 955 306 1015 dixit
330 951 480 1033 ‘gravidae
504 958 636 1033 posceris
659 964 725 1015 exta
749 950 865 1016 bovis)

127 1043 201 1102 Exta
226 1042 307 1103 bovis
332 1043 466 1121 gravidae
490 1043 598 1104 dantur
610 1090 619 1124 ,
643 1043 757 1104 felicior
780 1061 875 1104 annus

171 1131 333 1208 Provenit,
357 1139 387 1190 et
410 1133 539 1191 fructum
563 1141 641 1191 terra
665 1149 816 1211 pecusque
840 1132 957 1192 ferunt.

128 1219 210 1279 Hane
235 1218 381 1296 quondam
405 1218 548 1296 Cytherea
571 1219 648 1278 diem
672 1221 880 1298 properantius
903 1222 946 1279 ire

174 1307 264 1366 lussit
287 1315 318 1366 et
340 1306 483 1365 admissos
506 1307 709 1384 praecipitavit
731 1324 841 1386 equos,

63 1394 167 1456 676111
190 1393 308 1454 titulum
331 1395 446 1471 imperii
470 1411 538 1453 cum
561 1396 690 1471 primum
713 1393 778 1454 force
802 1396 938 1473 sequenti

174 1484 305 1560 Augusto
329 1483 429 1541 iuveni
451 1499 594 1561 prospera
616 1481 691 1542 beffa
714 1482 835 1542 darent.

267 1620 317 1682 17.
341 1617 402 1682 ΟΝ
417 1636 514 1682 nvm
563 1619 611 1683 18.
635 1617 701 1681 DN
716 1635 815 1682 nvn1

130 1746 188 1805 Sed
211 1750 268 1805 iam
290 1748 464 1824 praeteritas
488 1754 610 1823 quartus
633 1744 689 1805 tibi
711 1743 831 1805 Lucifer
844 1706 923 1804 ‘ldus

175 1833 327 1914 Respicit;
350 1833 403 1893 bac
426 1833 541 1911 Hyades
565 1833 672 1893 Dorida
696 1841 783 1894 noete
806 1841 925 1894 tenent.

286 1971 334 2034 19.
357 1968 804 2035 EOER·Nnvn·1u·cra

130 2095 229 2156 Tertia
252 2105 319 2175 post
341 2096 455 2174 Hyadas
479 2114 546 2156 cum
568 2096 618 2156 lux
642 2099 699 2156 erit
722 2104 785 2156 orta
809 2104 956 2176 remotas,

65 2196 116 2244 680
175 2184 299 2244 Carcere
323 2185 447 2260 partitos
470 2182 573 2242 Circus
595 2181 715 2242 babebit
738 2201 847 2260 equos,

131 2271 190 2331 Cur
213 2274 303 2349 igitur
326 2272 432 2330 missae
456 2270 561 2329 uinetis
585 2268 716 2328 ardentia
740 2269 833 2328 taedis

174 2360 268 2437 Terga
292 2359 387 2418 ierant
410 2356 510 2436 volpes
523 2404 531 2437 ‚
555 2373 642 2416 causa
665 2355 797 2415 docenda
820 2356 893 2416 mibi
915 2364 978 2417 est.

131 2446 248 2524 Frigida
271 2445 417 2506 Carseolis
440 2463 495 2505 nec
518 2443 601 2504 olivis
625 2451 691 2522 apta
713 2442 844 2503 ferendis

174 2535 288 2614 Terra,
313 2534 363 2594 sed
388 2533 423 2593 ad
447 2539 561 2610 segetes
584 2532 755 2610 ingeniosus
778 2547 865 2608 ager.

66 2635 115 2683 685
131 2621 190 2682 Hac
215 2641 267 2700 ego
291 2620 466 2700 Paelignos,
490 2620 595 2680 natalia
618 2637 710 2698 rura,
732 2617 885 2697 petebam,

174 2710 288 2791 Parva,
312 2709 363 2770 sed
388 2709 513 2769 assiduis
536 2707 620 2768 obvia
643 2723 760 2785 semper
784 2708 884 2785 aquis.

131 2797 260 2876 Hospitis
284 2800 397 2877 antiqui
420 2797 520 2856 solitas
543 2797 716 2855 intravimus
739 2794 846 2875 aedes;

175 2883 347 2961 Dempserat
369 2886 500 2945 emeritis
522 2885 579 2943 iam
602 2885 670 2962 iuga
692 2881 829 2943 Phoebus
853 2883 954 2961 equis.

133 2968 159 3026 fs
184 2970 254 3028 mihi
277 2972 367 3032 multa
386 2972 527 3052 quidem,
551 2970 601 3031 sed
626 2979 655 3031 et
678 2970 750 3031 baec
771 2988 892 3032 narrare
915 2966 1043 3048 solebat,

65 3071 117 3119 696
176 3055 257 3116 Unde
281 3076 377 3118 meum
401 3078 541 3138 praesens
563 3062 763 3120 instrueretur
786 3075 879 3136 opus:

132 3140 225 3204 ‘Hoc'
250 3147 290 3204 ait
313 3141 359 3204 ‘in
382 3142 500 3227 campo'
525 3181 557 3190 —
581 3163 775 3225 campumque
799 3143 928 3205 ostendit
952 3175 984 3184 -

675 3230 818 3292 ‘habebat

176 3321 237 3380 Rus
261 3321 349 3379 breve
372 3338 439 3381 cum
462 3322 537 3382 duro
561 3339 648 3400 parca
672 3320 773 3380 colona
797 3320 876 3378 viro.

134 3409 182 3468 iiie
206 3425 288 3468 suam
312 3409 469 3486 peragebat
492 3410 614 3470 humum
627 3453 636 3487 ‚
659 3408 720 3466 sive
744 3423 816 3466 usus
839 3406 944 3485 aratri,

177 3496 235 3556 Seu
259 3513 364 3556 curvae
387 3496 491 3577 falcis,
514 3499 574 3557 sive
597 3494 726 3554 bidentis
749 3503 828 3555 erat.
