2386 3892
152 185 217 248 228
560 185 752 237 55555555

239 350 369 428 Tempus
393 351 471 429 erit,
495 367 563 410 cum
587 366 639 408 vos
663 347 823 427 orbemque
848 347 982 410 tuebitur
1006 349 1101 430 idem,

174 451 225 499 530
283 437 321 497 Et
343 439 415 498 svent
438 440 502 516 ipso
526 454 608 498 sacra
633 436 748 497 colente
771 437 844 497 deo:

240 526 277 585 Et
297 543 388 602 penes
411 525 561 603 Augustos
584 527 696 604 patriae
721 524 812 585 tutela
835 523 981 585 manebit.

285 612 366 673 Hanc
389 613 433 673 155
456 616 574 692 imperii
597 613 679 673 irena
703 620 806 673 tenere
830 612 969 673 domum.

241 701 311 760 lude
336 719 427 780 nepos
451 709 596 779 natusque
621 701 690 780 dei,
713 701 783 760 licet
804 701 869 779 ipse
893 709 1031 781 recuset,

285 789 420 850 Pondere
443 789 563 849 caelesti
587 797 684 849 mente
708 794 829 867 paterna
852 789 946 849 15551.

176 890 227 940 555
242 877 338 956 thue
362 896 416 956 ego
439 879 591 956 perpetuis
614 877 683 937 olim
707 874 845 936 sacrabor
868 878 899 937 in
922 879 1000 957 aris,

286 965 334 1024 Sic
358 964 490 1042 Augusta
513 983 620 1025 novum
643 963 716 1024 lulia
739 982 848 1024 numen
872 959 963 1025 erit.'

242 1052 361 1112 Talibus
385 1062 417 1112 ut
441 1052 527 1112 dictis
550 1061 669 1112 nostros
693 1052 846 1112 deseendit
869 1054 900 1112 in
924 1070 1035 1133 annos,

287 1139 425 1200 Substitit
447 1142 477 1200 iu
500 1140 613 1199 medios
636 1143 768 1218 praescia
791 1139 890 1219 lingua
914 1158 1021 1201 sonos.

242 1228 394 1307 Puppibus
419 1245 556 1306 egressus
579 1227 660 1289 Latia
684 1231 766 1288 stetit
790 1229 857 1289 exul
880 1230 911 1288 in
934 1227 1043 1290 herba.

177 1329 228 1377 545
274 1316 391 1398 Felix,
415 1316 533 1377 exilium
557 1319 606 1377 cui
628 1316 711 1376 locus
734 1315 782 1376 1115
806 1314 879 1376 15111
899 1319 904 1326 “

242 1405 303 1465 Nec
322 1423 404 1465 mora
422 1405 508 1482 longa
527 1405 601 1485 tuit,
625 1403 742 1464 stabant
759 1422 833 1465 nova
851 1411 952 1483 15515,
971 1421 1069 1482 neque
1086 1403 1155 1465 alter

287 1493 436 1554 Montibus
459 1494 597 1553 Ausoniis
620 1492 732 1552 Arcade
756 1494 849 1552 maior
872 1499 956 1552 erat.

243 1580 319 1641 Eece
343 1581 432 1642 boves
455 1580 525 1641 illuc
549 1579 722 1659 Erytheidas
746 1579 872 1659 applicat
894 1579 983 1640 heros

287 1668 433 1728 Emensus
456 1669 535 1746 longi
559 1668 684 1747 claviger
708 1668 789 1727 orbis
811 1670 886 1728 iter.
919 1688 922 1693 ⁴

96 1769 103 1783 ·
178 1769 228 1817 545
243 1756 378 1834 Dumque
397 1756 467 1816 hnic
485 1756 646 1834 hospitium
664 1756 769 1816 domus
788 1763 834 1816 est
852 1754 1002 1837 Tegeaea,
1018 1763 1156 1835 vagantur

287 1843 486 1904 Incustoditae
509 1843 584 1903 laeta
607 1862 661 1922 per
684 1861 752 1904 arva
775 1843 881 1904 boves.

245 1932 327 1991 Mane
352 1938 437 1991 erat:
469 1949 612 1991 exeussus
636 1949 739 1991 somno
763 1930 936 2010 Tirynthius
959 1939 1041 1992 actor

288 2018 329 2079 Ile
354 2037 477 2079 numero
501 2027 601 2079 tauros
625 2021 715 2080 sentit
738 2018 840 2079 abesse
863 2018 957 2078 duos.

243 2106 328 2167 Nulla
350 2107 430 2166 videt
454 2124 599 2184 quaerens
622 2109 704 2168 taciti
726 2109 849 2186 vestigia
871 2106 961 2168 furti:

179 2206 230 2255 555
289 2195 431 2255 ’15555551
454 2212 571 2255 aversos
595 2194 689 2255 Cacus
711 2197 741 2255 iu
766 2203 849 2255 antra
872 2194 971 2275 feros:

246 2283 361 2363 Cacus,
385 2282 544 2344 Aventinae
568 2285 656 2342 timor
679 2291 767 2361 atque
791 2283 909 2342 infamia
932 2282 1039 2362 511555,

290 2371 354 2432 Non
378 2370 441 2431 1555
464 2372 595 2431 finitimis
618 2370 843 2450 hospitibusque
866 2369 993 2431 malum.

245 2461 313 2520 Dira
337 2462 400 2520 viro
424 2461 513 2520 iacies
526 2488 538 2539 ‚·
559 2460 637 2518 vires
660 2476 714 2536 pro
738 2475 885 2539 corpore,
909 2476 1018 2538 corpus

290 2548 423 2608 Grande:
446 2555 530 2626 pater
553 2548 678 2606 monstri
699 2545 843 2606 Mulciber
866 2545 956 2606 huius
980 2554 1059 2607 erat:

183 2647 233 2695 555
247 2636 364 2712 Proque
388 2635 474 2695 domo
498 2635 592 2712 longis
616 2633 755 2712 spelunca
778 2632 947 2695 recessibus
970 2637 1072 2714 iugens

290 2723 416 2803 Abdita,
440 2725 487 2783 vix
509 2724 583 2801 ipsis
606 2721 781 2782 invenienda
803 2722 892 2782 feris.

245 2809 304 2869 Ora
327 2828 416 2888 super
439 2819 540 2889 postes
564 2810 707 2888 affixaque
730 2809 850 2869 brachia
874 2810 1022 2890 pendent,

292 2896 488 2975 Squalidaque
511 2899 647 2958 humanis
670 2896 787 2959 ossibus
810 2896 889 2958 albet
911 2898 1037 2958 humus.

249 2984 369 3045 Servata
393 2985 467 3044 male
491 2993 574 3063 parte
597 2985 688 3045 boum
711 2984 778 3045 1555
802 2993 889 3047 55155
912 2984 1030 3047 abibas:

181 3087 232 3135 555
290 3073 433 3152 Mugitum
457 3091 547 3133 rauco
571 3074 649 3134 iurta
672 3072 780 3134 dedere
804 3091 895 3134 sono.

248 3158 377 3240 ‘Accipio
401 3156 591 3222 revocameu'
617 3164 674 3242 ait,
698 3179 859 3240 vocemque
883 3169 1005 3222 secutus

290 3250 381 3328 lmpia
405 3268 458 3327 per
481 3249 568 3310 silvas
591 3251 684 3309 victor
707 3248 743 3308 ad
767 3256 850 3309 antra
873 3251 970 3311 venit.

246 3335 297 3396 1115
321 3337 431 3398 aditum
455 3338 542 3398 fracti
564 3345 786 3416 praestruxerat
809 3336 894 3398 obice
917 3339 1042 3417 montis,

290 3423 343 3483 Vix
368 3427 436 3503 iuga
459 3428 619 3486 movissent
642 3427 773 3504 quinque
796 3425 842 3485 bis
865 3425 937 3487 illud
961 3443 1051 3505 opus.

182 3522 232 3570 555
247 3509 358 3570 Nititur
380 3512 428 3572 hie
452 3515 583 3592 umeris,
598 3512 760 3573 -caelum
783 3530 901 3593 quoque
925 3513 1041 3574 sederat
1058 3511 1150 3572 illis-
