<?xml version="1.0" encoding="UTF-8"?>
<!DOCTYPE html PUBLIC "-//W3C//DTD XHTML 1.0 Transitional//EN"
    "http://www.w3.org/TR/xhtml1/DTD/xhtml1-transitional.dtd">
<html xmlns="http://www.w3.org/1999/xhtml" xml:lang="en" lang="en">
 <head>
  <title>
</title>
<meta http-equiv="Content-Type" content="text/html;charset=utf-8" />
  <meta name='ocr-system' content='tesseract 3.04.00' />
  <meta name='ocr-capabilities' content='ocr_page ocr_carea ocr_par ocr_line ocrx_word'/>
</head>
<body>
  <div class='ocr_page' id='page_1' title='image "./ovidiusexiterat00ovidgoog_0379.png"; bbox 0 0 2386 3892; ppageno 0'>
   <div class='ocr_carea' id='block_1_1' title="bbox 91 163 692 228">
    <p class='ocr_par' dir='ltr' id='par_1_1' title="bbox 91 163 692 228">
     <span class='ocr_line' id='line_1_1' title="bbox 91 163 692 228; baseline 0.005 -13"><span class='ocrx_word' id='word_1_1' title='bbox 91 163 157 228; x_wconf 81' lang='lat'>328</span> <span class='ocrx_word' id='word_1_2' title='bbox 501 167 692 218; x_wconf 64' lang='lat' dir='ltr'>sustollunt</span> 
     </span>
    </p>
   </div>
   <div class='ocr_carea' id='block_1_2' title="bbox 116 329 1033 1358">
    <p class='ocr_par' dir='ltr' id='par_1_2' title="bbox 116 329 1033 1358">
     <span class='ocr_line' id='line_1_2' title="bbox 227 329 891 409; baseline 0.003 -20"><span class='ocrx_word' id='word_1_3' title='bbox 227 330 359 389; x_wconf 80' lang='lat' dir='ltr'>Caesaris</span> <span class='ocrx_word' id='word_1_4' title='bbox 382 329 527 390; x_wconf 75' lang='lat' dir='ltr'>Ausoniae</span> <span class='ocrx_word' id='word_1_5' title='bbox 550 338 778 408; x_wconf 83' lang='lat' dir='ltr'>protegerentur</span> <span class='ocrx_word' id='word_1_6' title='bbox 801 347 891 409; x_wconf 84' lang='lat' dir='ltr'>opes.</span> 
     </span>
     <span class='ocr_line' id='line_1_3' title="bbox 183 417 873 496; baseline 0.003 -21"><span class='ocrx_word' id='word_1_7' title='bbox 183 417 234 477; x_wconf 91' lang='lat' dir='ltr'>llle</span> <span class='ocrx_word' id='word_1_8' title='bbox 258 425 342 477; x_wconf 90' lang='lat' dir='ltr'>nolas</span> <span class='ocrx_word' id='word_1_9' title='bbox 365 425 480 477; x_wconf 88' lang='lat' dir='ltr'>veteres</span> <span class='ocrx_word' id='word_1_10' title='bbox 504 425 534 476; x_wconf 89' lang='lat' dir='ltr'>et</span> <span class='ocrx_word' id='word_1_11' title='bbox 556 417 635 496; x_wconf 83' lang='lat' dir='ltr'>longi</span> <span class='ocrx_word' id='word_1_12' title='bbox 658 417 786 478; x_wconf 84' lang='lat' dir='ltr'>dedecus</span> <span class='ocrx_word' id='word_1_13' title='bbox 809 419 873 478; x_wconf 88' lang='lat' dir='ltr'>aevi</span> 
     </span>
     <span class='ocr_line' id='line_1_4' title="bbox 117 505 919 584; baseline 0.004 -20"><span class='ocrx_word' id='word_1_14' title='bbox 117 518 169 565; x_wconf 85' lang='lat'>590</span> <span class='ocrx_word' id='word_1_15' title='bbox 229 505 374 565; x_wconf 77' lang='lat' dir='ltr'>Sustulit.</span> <span class='ocrx_word' id='word_1_16' title='bbox 416 513 563 583; x_wconf 81' lang='lat' dir='ltr'>agnorunt</span> <span class='ocrx_word' id='word_1_17' title='bbox 585 509 667 584; x_wconf 82' lang='lat' dir='ltr'>signa</span> <span class='ocrx_word' id='word_1_18' title='bbox 691 512 809 584; x_wconf 90' lang='lat' dir='ltr'>recepta</span> <span class='ocrx_word' id='word_1_19' title='bbox 832 523 919 567; x_wconf 89' lang='lat' dir='ltr'>suos.</span> 
     </span>
     <span class='ocr_line' id='line_1_5' title="bbox 184 592 1022 674; baseline 0.002 -22"><span class='ocrx_word' id='word_1_20' title='bbox 184 593 260 662; x_wconf 85' lang='lat' dir='ltr'>Quid</span> <span class='ocrx_word' id='word_1_21' title='bbox 286 592 338 651; x_wconf 92' lang='lat' dir='ltr'>tibi</span> <span class='ocrx_word' id='word_1_22' title='bbox 361 610 440 653; x_wconf 85' lang='lat' dir='ltr'>nunc</span> <span class='ocrx_word' id='word_1_23' title='bbox 464 592 566 653; x_wconf 89' lang='lat' dir='ltr'>solitae</span> <span class='ocrx_word' id='word_1_24' title='bbox 589 596 666 654; x_wconf 89' lang='lat' dir='ltr'>mitti</span> <span class='ocrx_word' id='word_1_25' title='bbox 689 603 756 672; x_wconf 90' lang='lat' dir='ltr'>post</span> <span class='ocrx_word' id='word_1_26' title='bbox 781 602 861 670; x_wconf 79' lang='lat' dir='ltr'>terga</span> <span class='ocrx_word' id='word_1_27' title='bbox 885 597 1022 674; x_wconf 80' lang='lat' dir='ltr'>sagittae,</span> 
     </span>
     <span class='ocr_line' id='line_1_6' title="bbox 226 679 962 761; baseline 0 -21"><span class='ocrx_word' id='word_1_28' title='bbox 226 679 303 750; x_wconf 82' lang='lat' dir='ltr'>Quid</span> <span class='ocrx_word' id='word_1_29' title='bbox 327 679 410 760; x_wconf 85' lang='lat' dir='ltr'>loca,</span> <span class='ocrx_word' id='word_1_30' title='bbox 434 679 503 758; x_wconf 89' lang='lat' dir='ltr'>quid</span> <span class='ocrx_word' id='word_1_31' title='bbox 527 681 622 760; x_wconf 85' lang='lat' dir='ltr'>rapidi</span> <span class='ocrx_word' id='word_1_32' title='bbox 645 682 756 760; x_wconf 87' lang='lat' dir='ltr'>proluit</span> <span class='ocrx_word' id='word_1_33' title='bbox 780 699 852 741; x_wconf 88' lang='lat' dir='ltr'>usus</span> <span class='ocrx_word' id='word_1_34' title='bbox 876 685 962 761; x_wconf 85' lang='lat' dir='ltr'>equi,</span> 
     </span>
     <span class='ocr_line' id='line_1_7' title="bbox 183 763 1012 851; baseline 0.002 -24"><span class='ocrx_word' id='word_1_35' title='bbox 183 763 321 829; x_wconf 80' lang='lat' dir='ltr'>Partha?</span> <span class='ocrx_word' id='word_1_36' title='bbox 353 769 447 828; x_wconf 88' lang='lat' dir='ltr'>reiers</span> <span class='ocrx_word' id='word_1_37' title='bbox 471 769 605 851; x_wconf 87' lang='lat' dir='ltr'>aquilas,</span> <span class='ocrx_word' id='word_1_38' title='bbox 628 771 721 830; x_wconf 85' lang='lat' dir='ltr'>victus</span> <span class='ocrx_word' id='word_1_39' title='bbox 745 786 862 848; x_wconf 87' lang='lat' dir='ltr'>quoque</span> <span class='ocrx_word' id='word_1_40' title='bbox 885 771 1012 848; x_wconf 79' lang='lat' dir='ltr'>porrigis</span> 
     </span>
     <span class='ocr_line' id='line_1_8' title="bbox 726 874 830 918; baseline 0.01 -1"><span class='ocrx_word' id='word_1_41' title='bbox 726 874 830 918; x_wconf 88' lang='lat' dir='ltr'>arcus:</span> 
     </span>
     <span class='ocr_line' id='line_1_9' title="bbox 227 943 930 1024; baseline 0.001 -20"><span class='ocrx_word' id='word_1_42' title='bbox 227 944 353 1022; x_wconf 82' lang='lat' dir='ltr'>Pignora</span> <span class='ocrx_word' id='word_1_43' title='bbox 376 947 433 1004; x_wconf 87' lang='lat' dir='ltr'>iarn</span> <span class='ocrx_word' id='word_1_44' title='bbox 457 947 552 1005; x_wconf 79' lang='lat' dir='ltr'><strong>nostri</strong></span> <span class='ocrx_word' id='word_1_45' title='bbox 576 945 653 1005; x_wconf 93' lang='lat' dir='ltr'>nulla</span> <span class='ocrx_word' id='word_1_46' title='bbox 675 945 797 1024; x_wconf 89' lang='lat' dir='ltr'>pudoris</span> <span class='ocrx_word' id='word_1_47' title='bbox 820 943 930 1005; x_wconf 77' lang='lat' dir='ltr'>habes,</span> 
     </span>
     <span class='ocr_line' id='line_1_10' title="bbox 116 1031 1033 1111; baseline 0.001 -20"><span class='ocrx_word' id='word_1_48' title='bbox 116 1044 167 1092; x_wconf 85' lang='lat'>595</span> <span class='ocrx_word' id='word_1_49' title='bbox 182 1031 248 1091; x_wconf 82' lang='lat' dir='ltr'>litte</span> <span class='ocrx_word' id='word_1_50' title='bbox 272 1031 326 1092; x_wconf 85' lang='lat' dir='ltr'>deo</span> <span class='ocrx_word' id='word_1_51' title='bbox 351 1031 551 1110; x_wconf 81' lang='lat' dir='ltr'>templumque</span> <span class='ocrx_word' id='word_1_52' title='bbox 575 1032 675 1093; x_wconf 89' lang='lat' dir='ltr'>datum</span> <span class='ocrx_word' id='word_1_53' title='bbox 698 1050 865 1111; x_wconf 84' lang='lat' dir='ltr'>nomenque</span> <span class='ocrx_word' id='word_1_54' title='bbox 889 1031 934 1092; x_wconf 92' lang='lat' dir='ltr'>his</span> <span class='ocrx_word' id='word_1_55' title='bbox 957 1032 1033 1111; x_wconf 88' lang='lat' dir='ltr'>ulto,</span> 
     </span>
     <span class='ocr_line' id='line_1_11' title="bbox 227 1119 856 1182; baseline 0.006 -4"><span class='ocrx_word' id='word_1_56' title='bbox 227 1119 264 1178; x_wconf 87' lang='lat' dir='ltr'>Et</span> <span class='ocrx_word' id='word_1_57' title='bbox 287 1121 410 1179; x_wconf 89' lang='lat' dir='ltr'>meritus</span> <span class='ocrx_word' id='word_1_58' title='bbox 435 1124 493 1180; x_wconf 89' lang='lat' dir='ltr'>voti</span> <span class='ocrx_word' id='word_1_59' title='bbox 517 1121 614 1182; x_wconf 85' lang='lat' dir='ltr'>debita</span> <span class='ocrx_word' id='word_1_60' title='bbox 638 1121 723 1182; x_wconf 87' lang='lat' dir='ltr'>solvit</span> <span class='ocrx_word' id='word_1_61' title='bbox 745 1121 856 1182; x_wconf 86' lang='lat' dir='ltr'>honor.</span> 
     </span>
     <span class='ocr_line' id='line_1_12' title="bbox 185 1207 930 1289; baseline 0.004 -23"><span class='ocrx_word' id='word_1_62' title='bbox 185 1207 346 1267; x_wconf 87' lang='lat' dir='ltr'>Sollernnes</span> <span class='ocrx_word' id='word_1_63' title='bbox 370 1207 456 1267; x_wconf 91' lang='lat' dir='ltr'>ludos</span> <span class='ocrx_word' id='word_1_64' title='bbox 480 1208 565 1269; x_wconf 86' lang='lat' dir='ltr'>Circo</span> <span class='ocrx_word' id='word_1_65' title='bbox 589 1207 757 1289; x_wconf 87' lang='lat' dir='ltr'>celebrate,</span> <span class='ocrx_word' id='word_1_66' title='bbox 781 1207 930 1279; x_wconf 77' lang='lat' dir='ltr'>Quirites!</span> 
     </span>
     <span class='ocr_line' id='line_1_13' title="bbox 227 1295 961 1358; baseline 0.005 -4"><span class='ocrx_word' id='word_1_67' title='bbox 227 1295 291 1354; x_wconf 89' lang='lat' dir='ltr'>Non</span> <span class='ocrx_word' id='word_1_68' title='bbox 315 1297 375 1355; x_wconf 87' lang='lat' dir='ltr'>visa</span> <span class='ocrx_word' id='word_1_69' title='bbox 399 1304 444 1356; x_wconf 89' lang='lat' dir='ltr'>est</span> <span class='ocrx_word' id='word_1_70' title='bbox 468 1298 573 1357; x_wconf 82' lang='lat' dir='ltr'>sortem</span> <span class='ocrx_word' id='word_1_71' title='bbox 597 1315 703 1357; x_wconf 87' lang='lat' dir='ltr'>scaena</span> <span class='ocrx_word' id='word_1_72' title='bbox 725 1297 832 1358; x_wconf 85' lang='lat' dir='ltr'>decere</span> <span class='ocrx_word' id='word_1_73' title='bbox 855 1297 961 1358; x_wconf 73' lang='lat' dir='ltr'>eleum,</span> 
     </span>
    </p>
   </div>
   <div class='ocr_carea' id='block_1_3' title="bbox 464 1423 848 1498">
    <p class='ocr_par' dir='ltr' id='par_1_3' title="bbox 464 1423 848 1498">
     <span class='ocr_line' id='line_1_14' title="bbox 464 1423 848 1498; baseline 0.003 -2"><span class='ocrx_word' id='word_1_74' title='bbox 464 1434 511 1498; x_wconf 85' lang='lat'>13.</span> <span class='ocrx_word' id='word_1_75' title='bbox 534 1432 562 1496; x_wconf 80' lang='lat' dir='ltr'>u</span> <span class='ocrx_word' id='word_1_76' title='bbox 582 1432 736 1497; x_wconf 80' lang='lat' dir='ltr'>nunt-N</span> <span class='ocrx_word' id='word_1_77' title='bbox 844 1423 848 1428; x_wconf 66' lang='grc'><strong>’</strong></span> 
     </span>
    </p>
   </div>
   <div class='ocr_carea' id='block_1_4' title="bbox 118 1559 1014 1904">
    <p class='ocr_par' dir='ltr' id='par_1_4' title="bbox 118 1559 1014 1818">
     <span class='ocr_line' id='line_1_15' title="bbox 183 1559 908 1639; baseline 0.004 -20"><span class='ocrx_word' id='word_1_78' title='bbox 183 1559 298 1620; x_wconf 93' lang='lat' dir='ltr'>Pliadas</span> <span class='ocrx_word' id='word_1_79' title='bbox 322 1562 446 1638; x_wconf 85' lang='lat' dir='ltr'>aspicies</span> <span class='ocrx_word' id='word_1_80' title='bbox 469 1579 570 1620; x_wconf 87' lang='lat' dir='ltr'>ornnes</span> <span class='ocrx_word' id='word_1_81' title='bbox 595 1569 748 1639; x_wconf 87' lang='lat' dir='ltr'>totumque</span> <span class='ocrx_word' id='word_1_82' title='bbox 772 1579 908 1623; x_wconf 87' lang='lat' dir='ltr'>sorcrurn</span> 
     </span>
     <span class='ocr_line' id='line_1_16' title="bbox 118 1647 989 1728; baseline 0 -20"><span class='ocrx_word' id='word_1_83' title='bbox 118 1661 168 1708; x_wconf 85' lang='lat'>000</span> <span class='ocrx_word' id='word_1_84' title='bbox 227 1647 361 1727; x_wconf 78' lang='lat' dir='ltr'>Agnren,</span> <span class='ocrx_word' id='word_1_85' title='bbox 385 1647 436 1707; x_wconf 89' lang='lat' dir='ltr'>ubi</span> <span class='ocrx_word' id='word_1_86' title='bbox 460 1657 526 1708; x_wconf 88' lang='lat' dir='ltr'>ante</span> <span class='ocrx_word' id='word_1_87' title='bbox 550 1648 619 1709; x_wconf 88' lang='lat' dir='ltr'>idus</span> <span class='ocrx_word' id='word_1_88' title='bbox 642 1666 699 1708; x_wconf 81' lang='lat' dir='ltr'>nox</span> <span class='ocrx_word' id='word_1_89' title='bbox 723 1652 780 1710; x_wconf 92' lang='lat' dir='ltr'>erit</span> <span class='ocrx_word' id='word_1_90' title='bbox 803 1667 860 1710; x_wconf 89' lang='lat' dir='ltr'>una</span> <span class='ocrx_word' id='word_1_91' title='bbox 884 1667 989 1728; x_wconf 87' lang='lat' dir='ltr'>super.</span> 
     </span>
     <span class='ocr_line' id='line_1_17' title="bbox 183 1734 1014 1818; baseline 0.007 -26"><span class='ocrx_word' id='word_1_92' title='bbox 183 1734 258 1794; x_wconf 81' lang='lat' dir='ltr'>&#39;l&#39;um</span> <span class='ocrx_word' id='word_1_93' title='bbox 283 1735 353 1794; x_wconf 81' lang='lat' dir='ltr'>inihi</span> <span class='ocrx_word' id='word_1_94' title='bbox 378 1754 436 1795; x_wconf 89' lang='lat' dir='ltr'>non</span> <span class='ocrx_word' id='word_1_95' title='bbox 460 1736 556 1796; x_wconf 77' lang='lat' dir='ltr'>derhiis</span> <span class='ocrx_word' id='word_1_96' title='bbox 580 1735 751 1797; x_wconf 87' lang='lat' dir='ltr'>auctoribus</span> <span class='ocrx_word' id='word_1_97' title='bbox 775 1739 878 1816; x_wconf 85' lang='lat' dir='ltr'>incipit</span> <span class='ocrx_word' id='word_1_98' title='bbox 900 1746 1014 1818; x_wconf 84' lang='lat' dir='ltr'>aestas,</span> 
     </span>
    </p>

    <p class='ocr_par' dir='ltr' id='par_1_5' title="bbox 228 1821 895 1904">
     <span class='ocr_line' id='line_1_18' title="bbox 228 1821 895 1904; baseline 0.009 -24"><span class='ocrx_word' id='word_1_99' title='bbox 228 1821 263 1881; x_wconf 82' lang='lat' dir='ltr'>[lt</span> <span class='ocrx_word' id='word_1_100' title='bbox 288 1823 378 1900; x_wconf 90' lang='lat' dir='ltr'>tepidi</span> <span class='ocrx_word' id='word_1_101' title='bbox 401 1825 489 1884; x_wconf 80' lang='lat' dir='ltr'>irnenr</span> <span class='ocrx_word' id='word_1_102' title='bbox 512 1833 645 1904; x_wconf 89' lang='lat' dir='ltr'>ternpora</span> <span class='ocrx_word' id='word_1_103' title='bbox 668 1827 746 1885; x_wconf 87' lang='lat' dir='ltr'>veris</span> <span class='ocrx_word' id='word_1_104' title='bbox 768 1824 895 1886; x_wconf 86' lang='lat' dir='ltr'>habent.</span> 
     </span>
    </p>
   </div>
   <div class='ocr_carea' id='block_1_5' title="bbox 535 1946 720 2026">
    <p class='ocr_par' dir='ltr' id='par_1_6' title="bbox 535 1946 720 2026">
     <span class='ocr_line' id='line_1_19' title="bbox 535 1946 720 2026; baseline 0.011 -1"><span class='ocrx_word' id='word_1_105' title='bbox 535 1963 582 2025; x_wconf 82' lang='lat' dir='ltr'>n.</span> <span class='ocrx_word' id='word_1_106' title='bbox 605 1961 661 2026; x_wconf 82' lang='lat' dir='ltr'>rc</span> <span class='ocrx_word' id='word_1_107' title='bbox 716 1946 720 1953; x_wconf 80' lang='grc'><strong>’</strong></span> 
     </span>
    </p>
   </div>
   <div class='ocr_carea' id='block_1_6' title="bbox 119 2085 1004 2958">
    <p class='ocr_par' dir='ltr' id='par_1_7' title="bbox 119 2085 1004 2958">
     <span class='ocr_line' id='line_1_20' title="bbox 184 2085 912 2165; baseline 0.007 -21"><span class='ocrx_word' id='word_1_108' title='bbox 184 2085 284 2145; x_wconf 86' lang='lat' dir='ltr'>idibus</span> <span class='ocrx_word' id='word_1_109' title='bbox 308 2105 359 2146; x_wconf 86' lang='lat' dir='ltr'>cra</span> <span class='ocrx_word' id='word_1_110' title='bbox 382 2089 464 2165; x_wconf 87' lang='lat' dir='ltr'>prior</span> <span class='ocrx_word' id='word_1_111' title='bbox 488 2088 631 2148; x_wconf 89' lang='lat' dir='ltr'>stellantia</span> <span class='ocrx_word' id='word_1_112' title='bbox 656 2087 759 2149; x_wconf 90' lang='lat' dir='ltr'>tollere</span> <span class='ocrx_word' id='word_1_113' title='bbox 782 2088 912 2148; x_wconf 86' lang='lat' dir='ltr'>Taurum</span> 
     </span>
     <span class='ocr_line' id='line_1_21' title="bbox 228 2173 932 2254; baseline 0.006 -22"><span class='ocrx_word' id='word_1_114' title='bbox 228 2173 360 2235; x_wconf 84' lang='lat' dir='ltr'>indicat.</span> <span class='ocrx_word' id='word_1_115' title='bbox 402 2175 471 2235; x_wconf 90' lang='lat' dir='ltr'>huic</span> <span class='ocrx_word' id='word_1_116' title='bbox 495 2178 578 2254; x_wconf 85' lang='lat' dir='ltr'>signo</span> <span class='ocrx_word' id='word_1_117' title='bbox 602 2174 698 2237; x_wconf 85' lang='lat' dir='ltr'>fabula</span> <span class='ocrx_word' id='word_1_118' title='bbox 722 2185 790 2237; x_wconf 89' lang='lat' dir='ltr'>nota</span> <span class='ocrx_word' id='word_1_119' title='bbox 814 2176 932 2236; x_wconf 89' lang='lat' dir='ltr'>subest.</span> 
     </span>
     <span class='ocr_line' id='line_1_22' title="bbox 119 2261 997 2344; baseline 0 -22"><span class='ocrx_word' id='word_1_120' title='bbox 119 2274 169 2322; x_wconf 86' lang='lat'>005</span> <span class='ocrx_word' id='word_1_121' title='bbox 185 2261 346 2342; x_wconf 81' lang='lat' dir='ltr'>Praebuit,</span> <span class='ocrx_word' id='word_1_122' title='bbox 370 2272 402 2324; x_wconf 90' lang='lat' dir='ltr'>nt</span> <span class='ocrx_word' id='word_1_123' title='bbox 427 2272 550 2344; x_wconf 86' lang='lat' dir='ltr'>taurus,</span> <span class='ocrx_word' id='word_1_124' title='bbox 573 2264 678 2342; x_wconf 79' lang='lat' dir='ltr'>Tyriae</span> <span class='ocrx_word' id='word_1_125' title='bbox 702 2283 755 2324; x_wconf 84' lang='lat' dir='ltr'>sua</span> <span class='ocrx_word' id='word_1_126' title='bbox 778 2273 859 2341; x_wconf 79' lang='lat' dir='ltr'>terga</span> <span class='ocrx_word' id='word_1_127' title='bbox 883 2262 997 2342; x_wconf 85' lang='lat' dir='ltr'>puellae</span> 
     </span>
     <span class='ocr_line' id='line_1_23' title="bbox 229 2350 895 2432; baseline 0.003 -23"><span class='ocrx_word' id='word_1_128' title='bbox 229 2350 360 2429; x_wconf 92' lang='lat' dir='ltr'>luppiter</span> <span class='ocrx_word' id='word_1_129' title='bbox 374 2399 382 2432; x_wconf 87' lang='lat'><strong><em>,</em></strong></span> <span class='ocrx_word' id='word_1_130' title='bbox 407 2360 436 2412; x_wconf 89' lang='lat' dir='ltr'>et</span> <span class='ocrx_word' id='word_1_131' title='bbox 460 2351 529 2411; x_wconf 89' lang='lat' dir='ltr'>laisa</span> <span class='ocrx_word' id='word_1_132' title='bbox 554 2370 663 2412; x_wconf 88' lang='lat' dir='ltr'>cornua</span> <span class='ocrx_word' id='word_1_133' title='bbox 689 2353 784 2413; x_wconf 84' lang='lat' dir='ltr'>ironic</span> <span class='ocrx_word' id='word_1_134' title='bbox 810 2352 895 2412; x_wconf 89' lang='lat' dir='ltr'>tulit.</span> 
     </span>
     <span class='ocr_line' id='line_1_24' title="bbox 185 2438 943 2519; baseline 0.004 -23"><span class='ocrx_word' id='word_1_135' title='bbox 185 2438 234 2497; x_wconf 93' lang='lat' dir='ltr'>llla</span> <span class='ocrx_word' id='word_1_136' title='bbox 258 2438 356 2498; x_wconf 80' lang='lat' dir='ltr'>initam</span> <span class='ocrx_word' id='word_1_137' title='bbox 381 2439 505 2519; x_wconf 84' lang='lat' dir='ltr'>dextra,</span> <span class='ocrx_word' id='word_1_138' title='bbox 529 2439 608 2499; x_wconf 85' lang='lat' dir='ltr'>laeva</span> <span class='ocrx_word' id='word_1_139' title='bbox 632 2439 777 2502; x_wconf 88' lang='lat' dir='ltr'>retinebat</span> <span class='ocrx_word' id='word_1_140' title='bbox 800 2440 943 2518; x_wconf 83' lang='lat' dir='ltr'>amictus,</span> 
     </span>
     <span class='ocr_line' id='line_1_25' title="bbox 228 2525 973 2605; baseline 0.003 -21"><span class='ocrx_word' id='word_1_141' title='bbox 228 2525 265 2587; x_wconf 89' lang='lat' dir='ltr'>Et</span> <span class='ocrx_word' id='word_1_142' title='bbox 290 2529 376 2589; x_wconf 88' lang='lat' dir='ltr'>timor</span> <span class='ocrx_word' id='word_1_143' title='bbox 400 2529 463 2605; x_wconf 89' lang='lat' dir='ltr'>ipse</span> <span class='ocrx_word' id='word_1_144' title='bbox 486 2530 554 2586; x_wconf 89' lang='lat' dir='ltr'>novi</span> <span class='ocrx_word' id='word_1_145' title='bbox 578 2545 664 2587; x_wconf 90' lang='lat' dir='ltr'>causa</span> <span class='ocrx_word' id='word_1_146' title='bbox 689 2529 804 2588; x_wconf 87' lang='lat' dir='ltr'>decoris</span> <span class='ocrx_word' id='word_1_147' title='bbox 827 2535 907 2587; x_wconf 85' lang='lat' dir='ltr'>erat.</span> <span class='ocrx_word' id='word_1_148' title='bbox 971 2550 973 2554; x_wconf 94' lang='lat'>·</span> 
     </span>
     <span class='ocr_line' id='line_1_26' title="bbox 185 2613 1004 2694; baseline 0.005 -22"><span class='ocrx_word' id='word_1_149' title='bbox 185 2614 262 2673; x_wconf 79' lang='lat' dir='ltr'>Aura</span> <span class='ocrx_word' id='word_1_150' title='bbox 286 2617 368 2675; x_wconf 89' lang='lat' dir='ltr'>sinus</span> <span class='ocrx_word' id='word_1_151' title='bbox 392 2615 514 2694; x_wconf 87' lang='lat' dir='ltr'>implet,</span> <span class='ocrx_word' id='word_1_152' title='bbox 538 2615 627 2674; x_wconf 88' lang='lat' dir='ltr'>llavos</span> <span class='ocrx_word' id='word_1_153' title='bbox 651 2626 745 2676; x_wconf 88' lang='lat' dir='ltr'>movet</span> <span class='ocrx_word' id='word_1_154' title='bbox 770 2633 840 2676; x_wconf 93' lang='lat' dir='ltr'>aura</span> <span class='ocrx_word' id='word_1_155' title='bbox 865 2613 1004 2693; x_wconf 87' lang='lat' dir='ltr'>capillos:</span> 
     </span>
     <span class='ocr_line' id='line_1_27' title="bbox 119 2701 832 2783; baseline 0.006 -24"><span class='ocrx_word' id='word_1_156' title='bbox 119 2714 170 2760; x_wconf 87' lang='lat'>010</span> <span class='ocrx_word' id='word_1_157' title='bbox 230 2701 354 2783; x_wconf 84' lang='lat' dir='ltr'>Sidoni,</span> <span class='ocrx_word' id='word_1_158' title='bbox 378 2706 420 2763; x_wconf 90' lang='lat' dir='ltr'>sic</span> <span class='ocrx_word' id='word_1_159' title='bbox 445 2704 542 2763; x_wconf 87' lang='lat' dir='ltr'>lucras</span> <span class='ocrx_word' id='word_1_160' title='bbox 565 2703 733 2781; x_wconf 85' lang='lat' dir='ltr'>aspicienda</span> <span class='ocrx_word' id='word_1_161' title='bbox 755 2702 832 2763; x_wconf 90' lang='lat' dir='ltr'>lori.</span> 
     </span>
     <span class='ocr_line' id='line_1_28' title="bbox 185 2788 978 2872; baseline 0.006 -26"><span class='ocrx_word' id='word_1_162' title='bbox 185 2788 278 2866; x_wconf 87' lang='lat' dir='ltr'>Saepe</span> <span class='ocrx_word' id='word_1_163' title='bbox 302 2790 448 2867; x_wconf 83' lang='lat' dir='ltr'>puellares</span> <span class='ocrx_word' id='word_1_164' title='bbox 472 2790 611 2852; x_wconf 87' lang='lat' dir='ltr'>subduxit</span> <span class='ocrx_word' id='word_1_165' title='bbox 634 2790 670 2851; x_wconf 91' lang='lat' dir='ltr'>ab</span> <span class='ocrx_word' id='word_1_166' title='bbox 694 2809 821 2870; x_wconf 88' lang='lat' dir='ltr'>aequore</span> <span class='ocrx_word' id='word_1_167' title='bbox 844 2789 978 2872; x_wconf 84' lang='lat' dir='ltr'>plantas,</span> 
     </span>
     <span class='ocr_line' id='line_1_29' title="bbox 228 2876 824 2958; baseline 0.007 -24"><span class='ocrx_word' id='word_1_168' title='bbox 228 2876 265 2936; x_wconf 88' lang='lat' dir='ltr'>Et</span> <span class='ocrx_word' id='word_1_169' title='bbox 288 2881 394 2937; x_wconf 87' lang='lat' dir='ltr'>metuit</span> <span class='ocrx_word' id='word_1_170' title='bbox 417 2887 512 2939; x_wconf 90' lang='lat' dir='ltr'>tactus</span> <span class='ocrx_word' id='word_1_171' title='bbox 536 2880 692 2939; x_wconf 90' lang='lat' dir='ltr'>assilientis</span> <span class='ocrx_word' id='word_1_172' title='bbox 716 2897 824 2958; x_wconf 88' lang='lat' dir='ltr'>aquae:</span> 
     </span>
    </p>
   </div>
   <div class='ocr_carea' id='block_1_7' title="bbox 119 2964 1092 3574">
    <p class='ocr_par' dir='ltr' id='par_1_8' title="bbox 119 2964 1092 3574">
     <span class='ocr_line' id='line_1_30' title="bbox 185 2964 1092 3047; baseline 0 -23"><span class='ocrx_word' id='word_1_173' title='bbox 185 2964 277 3042; x_wconf 89' lang='lat' dir='ltr'>Saepe</span> <span class='ocrx_word' id='word_1_174' title='bbox 302 2964 375 3024; x_wconf 87' lang='lat' dir='ltr'>deus</span> <span class='ocrx_word' id='word_1_175' title='bbox 398 2968 528 3043; x_wconf 86' lang='lat' dir='ltr'>prudens</span> <span class='ocrx_word' id='word_1_176' title='bbox 552 2976 667 3046; x_wconf 86' lang='lat' dir='ltr'>tergum</span> <span class='ocrx_word' id='word_1_177' title='bbox 691 2968 808 3027; x_wconf 80' lang='lat' dir='ltr'>‹lernisit</span> <span class='ocrx_word' id='word_1_178' title='bbox 830 2968 861 3026; x_wconf 90' lang='lat' dir='ltr'>in</span> <span class='ocrx_word' id='word_1_179' title='bbox 886 2967 999 3047; x_wconf 77' lang='lat' dir='ltr'>untias,</span> <span class='ocrx_word' id='word_1_180' title='bbox 1043 2974 1092 3028; x_wconf 72' lang='lat'>(¹⁸⁵)</span> 
     </span>
     <span class='ocr_line' id='line_1_31' title="bbox 228 3053 801 3115; baseline 0.005 -3"><span class='ocrx_word' id='word_1_181' title='bbox 228 3053 354 3113; x_wconf 87' lang='lat' dir='ltr'>Haereat</span> <span class='ocrx_word' id='word_1_182' title='bbox 377 3063 410 3113; x_wconf 91' lang='lat' dir='ltr'>nt</span> <span class='ocrx_word' id='word_1_183' title='bbox 433 3053 507 3113; x_wconf 89' lang='grc'>00110</span> <span class='ocrx_word' id='word_1_184' title='bbox 531 3056 636 3115; x_wconf 85' lang='lat' dir='ltr'>lortius</span> <span class='ocrx_word' id='word_1_185' title='bbox 659 3054 706 3114; x_wconf 89' lang='lat' dir='ltr'>illa</span> <span class='ocrx_word' id='word_1_186' title='bbox 730 3072 801 3115; x_wconf 90' lang='lat' dir='ltr'>suo.</span> 
     </span>
     <span class='ocr_line' id='line_1_32' title="bbox 119 3140 905 3203; baseline 0.003 -5"><span class='ocrx_word' id='word_1_187' title='bbox 119 3153 168 3200; x_wconf 84' lang='lat'>015</span> <span class='ocrx_word' id='word_1_188' title='bbox 185 3141 334 3202; x_wconf 84' lang='lat' dir='ltr'>Litoribus</span> <span class='ocrx_word' id='word_1_189' title='bbox 358 3144 442 3202; x_wconf 91' lang='lat' dir='ltr'>tactis</span> <span class='ocrx_word' id='word_1_190' title='bbox 467 3142 562 3202; x_wconf 88' lang='lat' dir='ltr'>stabat</span> <span class='ocrx_word' id='word_1_191' title='bbox 585 3145 648 3203; x_wconf 90' lang='lat' dir='ltr'>sine</span> <span class='ocrx_word' id='word_1_192' title='bbox 672 3141 812 3202; x_wconf 87' lang='lat' dir='ltr'>cornibus</span> <span class='ocrx_word' id='word_1_193' title='bbox 835 3140 905 3202; x_wconf 89' lang='lat' dir='ltr'>ullis</span> 
     </span>
     <span class='ocr_line' id='line_1_33' title="bbox 228 3229 997 3309; baseline 0.005 -22"><span class='ocrx_word' id='word_1_194' title='bbox 228 3229 359 3307; x_wconf 86' lang='lat' dir='ltr'>luppiter</span> <span class='ocrx_word' id='word_1_195' title='bbox 373 3277 382 3309; x_wconf 84' lang='lat'>,</span> <span class='ocrx_word' id='word_1_196' title='bbox 405 3232 494 3308; x_wconf 90' lang='lat' dir='ltr'>inque</span> <span class='ocrx_word' id='word_1_197' title='bbox 519 3231 606 3291; x_wconf 89' lang='lat' dir='ltr'>deum</span> <span class='ocrx_word' id='word_1_198' title='bbox 629 3231 665 3291; x_wconf 92' lang='lat' dir='ltr'>de</span> <span class='ocrx_word' id='word_1_199' title='bbox 689 3230 762 3290; x_wconf 88' lang='lat' dir='ltr'>bove</span> <span class='ocrx_word' id='word_1_200' title='bbox 787 3247 890 3290; x_wconf 87' lang='lat' dir='ltr'>versus</span> <span class='ocrx_word' id='word_1_201' title='bbox 915 3237 997 3291; x_wconf 88' lang='lat' dir='ltr'>erat.</span> 
     </span>
     <span class='ocr_line' id='line_1_34' title="bbox 185 3317 1068 3399; baseline 0.001 -24"><span class='ocrx_word' id='word_1_202' title='bbox 185 3317 300 3377; x_wconf 89' lang='lat' dir='ltr'>Taurus</span> <span class='ocrx_word' id='word_1_203' title='bbox 323 3320 378 3377; x_wconf 90' lang='lat' dir='ltr'>init</span> <span class='ocrx_word' id='word_1_204' title='bbox 402 3318 536 3378; x_wconf 87' lang='lat' dir='ltr'>caelum:</span> <span class='ocrx_word' id='word_1_205' title='bbox 569 3327 619 3399; x_wconf 84' lang='lat' dir='ltr'>te,</span> <span class='ocrx_word' id='word_1_206' title='bbox 644 3318 767 3398; x_wconf 85' lang='lat' dir='ltr'>Sidoni,</span> <span class='ocrx_word' id='word_1_207' title='bbox 791 3317 925 3397; x_wconf 89' lang='lat' dir='ltr'>luppiter</span> <span class='ocrx_word' id='word_1_208' title='bbox 948 3317 1068 3398; x_wconf 81' lang='lat' dir='ltr'>implet,</span> 
     </span>
     <span class='ocr_line' id='line_1_35' title="bbox 228 3403 960 3482; baseline 0.005 -19"><span class='ocrx_word' id='word_1_209' title='bbox 228 3403 359 3482; x_wconf 85' lang='lat' dir='ltr'>Parsque</span> <span class='ocrx_word' id='word_1_210' title='bbox 385 3414 467 3466; x_wconf 87' lang='lat' dir='ltr'>tunm</span> <span class='ocrx_word' id='word_1_211' title='bbox 492 3416 587 3467; x_wconf 85' lang='lat' dir='ltr'>terrae</span> <span class='ocrx_word' id='word_1_212' title='bbox 611 3409 696 3467; x_wconf 91' lang='lat' dir='ltr'>tertia</span> <span class='ocrx_word' id='word_1_213' title='bbox 721 3423 827 3466; x_wconf 87' lang='lat' dir='ltr'>nomen</span> <span class='ocrx_word' id='word_1_214' title='bbox 851 3405 960 3467; x_wconf 86' lang='lat' dir='ltr'>habet.</span> 
     </span>
     <span class='ocr_line' id='line_1_36' title="bbox 184 3489 935 3574; baseline 0.008 -25"><span class='ocrx_word' id='word_1_215' title='bbox 184 3489 246 3550; x_wconf 90' lang='lat' dir='ltr'>iloc</span> <span class='ocrx_word' id='word_1_216' title='bbox 270 3492 319 3552; x_wconf 91' lang='lat' dir='ltr'>alii</span> <span class='ocrx_word' id='word_1_217' title='bbox 342 3495 457 3571; x_wconf 84' lang='lat' dir='ltr'>signurn</span> <span class='ocrx_word' id='word_1_218' title='bbox 482 3494 615 3555; x_wconf 89' lang='lat' dir='ltr'>Phariam</span> <span class='ocrx_word' id='word_1_219' title='bbox 639 3494 739 3554; x_wconf 86' lang='lat' dir='ltr'>dixere</span> <span class='ocrx_word' id='word_1_220' title='bbox 763 3496 935 3574; x_wconf 86' lang='lat' dir='ltr'>iuvencam,</span> 
     </span>
    </p>
   </div>
   <div class='ocr_carea' id='block_1_8' title="bbox 0 0 1201 3892">
    <p class='ocr_par' dir='ltr' id='par_1_9' title="bbox 0 0 1201 3892">
     <span class='ocr_line' id='line_1_37' title="bbox 0 0 1201 3892; baseline 0 0"><span class='ocrx_word' id='word_1_221' title='bbox 0 0 1201 3892; x_wconf 95' lang='lat' dir='ltr'> </span> 
     </span>
    </p>
   </div>
  </div>
 </body>
</html>
