2386 3892
28 105 30 109 ⁵
91 155 158 222 232
500 157 692 209 aasrouuu

226 320 299 382 Cum
323 320 423 400 tepido
447 329 578 382 vestrum
601 339 670 382 vere
694 320 801 381 redibit
824 313 950 401 opus.'
991 336 996 345 ·

23 424 28 435 ·
114 421 166 471 666
186 409 327 470 Rusticus
350 411 505 470 emeritum
529 409 595 487 palo
619 408 779 488 suspendat
802 417 952 470 aratrum:

225 496 318 557 Omne
343 496 514 557 reformidat
537 496 642 574 frigida
664 496 767 557 volnus
790 496 916 558 humus.

181 583 294 665 Vilice,
317 584 353 644 da
376 587 510 662 requiem
534 593 653 663 terrae,
677 591 808 645 semente
831 593 969 666 peracta;

225 671 267 732 lla
290 674 423 752 requiem
447 680 556 733 terram
581 674 632 750 qui
655 672 795 753 coluere,
818 674 908 734 viris.

180 760 276 838 Pagus
300 768 366 839 agat
388 761 514 821 sest-um:
546 778 653 839 pagum
677 759 821 840 lustrate,
845 759 959 842 coloni,

71 886 74 891 -
103 861 166 925 ,666
225 847 263 908 Et
286 848 352 909 date
376 850 495 927 paganis
518 865 615 908 annua
637 847 694 908 liba
718 848 809 908 locis.

181 935 339 996 Placentur
362 937 480 1015 frugum
502 943 634 1016 matres,
657 934 816 1014 Tellusque
840 935 1006 1018 Ceresque,

225 1023 315 1084 Farre
340 1042 393 1085 suo
417 1023 551 1102 gravidae
575 1023 797 1102 visceribusque
821 1025 900 1085 suis.

183 1111 320 1172 Officium
345 1129 500 1172 commune
524 1110 615 1172 Ceres
637 1120 668 1172 et
690 1110 783 1172 Terra
806 1119 947 1173 tuentur:

224 1198 302 1260 llaec
325 1199 447 1278 praebet
470 1217 588 1260 oausam
611 1199 769 1281 frugibus,
791 1199 840 1260 illa
862 1198 977 1261 locum.

113 1299 165 1349 oro
180 1287 340 1349 Consortes
363 1289 483 1368 operis,
508 1305 561 1367 per
584 1305 657 1367 quas
681 1295 813 1348 correcta
837 1295 985 1368 vetustas,

225 1377 403 1455 Quernaque
427 1377 508 1455 glans
534 1377 609 1436 vieta
632 1385 677 1435 est
701 1374 818 1436 utiliore
842 1376 927 1457 cibo,

180 1463 328 1543 Frugibus
350 1466 502 1525 immensis
525 1464 624 1524 avidos
647 1466 749 1524 satiate
773 1463 912 1540 colonos,

224 1551 262 1612 Ut
285 1555 401 1633 capiant
424 1552 522 1613 cultus
545 1554 674 1630 praemia
697 1551 784 1630 digna
807 1553 872 1613 sui.

181 1639 239 1699 Vos
263 1639 329 1701 date
353 1648 513 1718 perpetuos
536 1642 647 1700 teneris
671 1637 854 1701 sementibus
877 1645 997 1719 auctus,

37 1752 38 1755 ¹
114 1740 165 1788 666
224 1727 285 1787 Ν66
308 1746 382 1787 nova
405 1746 459 1806 per
482 1727 591 1806 gelidas
614 1727 706 1788 herba
729 1729 768 1788 sit
790 1734 857 1788 usta
880 1729 980 1788 nives.

180 1813 254 1875 Cum
278 1817 426 1895 serimus,
451 1815 563 1875 caelum
587 1818 682 1877 ventis
705 1816 817 1894 aperite
841 1817 972 1895 serenis3

225 1902 299 1963 Cum
321 1902 413 1983 latet,
437 1903 567 1963 aetheria
591 1905 719 1982 spargite
743 1920 844 1963 semen
867 1921 958 1981 aqua.

179 1990 258 2050 Neve
282 2008 385 2068 graves
409 1990 496 2051 cultis
520 1990 643 2052 Cerialia
666 1991 742 2052 dona
755 2037 764 2071 ,
788 1998 911 2072 cavete,

225 2079 346 2157 Agmine
369 2077 486 2138 laesuro
509 2078 727 2159 depopulentur
750 2097 835 2139 aves.

113 2177 166 2227 666
181 2165 238 2226 Vos
262 2183 403 2247 quoque,
425 2167 588 2247 formicae,
612 2166 755 2228 subiectis
777 2167 890 2245 parcite
913 2166 1027 2246 grauis:

224 2253 295 2314 Post
318 2271 443 2315 messem
467 2255 592 2334 praedae
616 2257 699 2333 copia
721 2256 813 2315 maior
836 2256 911 2316 erit.

179 2343 295 2404 Interea
318 2351 433 2403 crescat
456 2343 575 2403 scabrae
599 2342 742 2421 robiginis
765 2360 889 2423 expers,

226 2431 286 2491 Nec
310 2433 380 2492 vitio
404 2431 476 2491 caeli
500 2430 605 2509 palleat
627 2446 715 2508 aegra
738 2448 839 2508 seges.
942 2469 944 2479 ·

180 2518 217 2579 Et
240 2537 337 2597 neque
360 2518 477 2579 deficiat
499 2520 614 2599 macie,
637 2536 733 2596 neque
757 2519 895 2596 pinguior
919 2534 1012 2596 aequo

113 2620 165 2668 696
224 2607 339 2668 Divitiis
361 2614 464 2686 pereat
486 2605 637 2667 luxuriosa
660 2607 739 2667 suis.

180 2694 218 2754 Et
241 2703 360 2755 careant
382 2694 460 2756 loliis
483 2693 584 2755 oculos
607 2692 779 2754 vitiantibus
803 2695 885 2772 agri,

224 2781 284 2842 Nec
308 2783 417 2842 sterilis
440 2783 519 2843 culto
543 2790 645 2861 surgat
668 2799 758 2842 avena
782 2781 863 2843 solo.

180 2868 326 2929 Tritioeos
350 2871 427 2930 letus
450 2888 632 2949 passuraque
656 2869 734 2930 larra
756 2868 802 2929 bis
825 2870 925 2948 iguem

224 2955 399 3035 Hordeaque
423 2959 536 3037 ingenti
559 2959 662 3019 tenore
685 2957 789 3018 reddat
811 2955 899 3036 ager!

114 3059 165 3108 665
180 3045 258 3106 llaec
283 3063 337 3124 ego
360 3063 415 3125 pro
438 3045 543 3126 vobis,
567 3046 638 3106 baec
662 3063 713 3106 vos
737 3052 835 3123 optate
860 3044 974 3124 coloni,

224 3135 399 3213 Eliciatque
423 3142 501 3194 ratas
525 3141 649 3212 utraque
674 3133 739 3193 diva
762 3149 885 3211 preces.

179 3221 258 3282 Bella
282 3222 332 3283 diu
357 3232 479 3283 tenuere
503 3224 599 3282 viros:
630 3229 693 3280 erat
717 3223 813 3299 aptior
836 3221 918 3282 ensis

224 3309 369 3390 vomere,
393 3310 518 3372 cedebat
540 3319 643 3369 taurus
667 3316 765 3369 arator
788 3325 886 3386 equo:

181 3395 301 3457 Sarcula
325 3398 501 3478 cessabant,
523 3400 661 3474 versique
685 3398 715 3456 in
739 3395 798 3475 pila
820 3395 953 3478 ligones,

113 3494 165 3544 700
224 3483 370 3562 Factaque
394 3486 430 3546 de
454 3487 543 3546 rastri
566 3483 698 3564 pondere
722 3485 813 3545 cassis
837 3493 920 3545 erat.
