2386 3892
503 390 581 464 VH.

130 531 226 611 Siquis
249 530 342 594 babes
365 534 476 593 nostris
500 530 611 592 similes
632 533 664 592 in
686 533 813 609 imagine
835 531 953 610 vultus,

128 620 216 681 Deme
240 623 317 682 meis
339 621 487 701 hederas,
510 619 653 680 bacchica
675 628 777 699 serta,
804 622 914 681 comis.

129 707 185 768 lsta
208 708 317 769 decent
340 708 432 769 laetos
455 707 551 768 felicia
573 709 655 785 signa
677 715 798 785 poetas:

129 795 325 875 Temporibus
349 814 409 856 non
433 804 479 856 est
501 802 569 875 apta
592 813 701 855 corona
724 796 815 855 meis.

102 882 189 945 ttHoc
213 882 269 943 tibi
292 881 467 963 dissimula,
490 884 567 943 senti
589 891 710 961 tamen,
734 884 866 962 optime,
889 884 964 964 dici,

129 971 162 1030 ln
185 970 276 1049 digito
300 972 351 1049 qui
374 988 422 1030 me
445 970 574 1048 lersque'
589 971 742 1049 refersque
767 977 836 1051 tuo,

129 1058 324 1137 Effigiemque
347 1075 441 1118 meam
464 1056 544 1119 fulvo
568 1057 738 1136 complexus
761 1060 792 1118 in
815 1075 887 1119 aum

131 1146 203 1206 Gara
225 1145 370 1226 relegati,
393 1162 469 1223 quae
492 1153 600 1224 potes,
623 1162 674 1205 ora
696 1146 795 1206 rides.

131 1233 211 1304 Quae
234 1236 373 1312 quotiens
396 1240 535 1312 spectas,
558 1231 663 1293 subeat
685 1232 740 1293 tibi
762 1233 861 1294 dicare
884 1234 985 1295 forsan

90 1333 118 1382 10
132 1318 237 1391 ‘Quam
261 1320 366 1399 procul
388 1337 405 1380 a
427 1320 513 1381 nobis
536 1319 614 1379 Naso
634 1319 742 1380 sodalis
764 1315 875 1381 abestl'

130 1408 218 1470 Grata
241 1416 293 1470 tua
316 1418 362 1469 est
383 1410 499 1486 pietas.
542 1408 594 1468 sed
618 1409 747 1468 earmina
770 1410 862 1467 maior
886 1411 981 1487 imago

132 1497 208 1558 Sunt
230 1514 318 1576 mea,
341 1512 416 1574 quae
439 1495 546 1557 mando
571 1495 794 1574 qualiacumque
819 1495 915 1578 legas,

131 1584 267 1646 Carmina
290 1591 416 1645 mutatas
439 1583 592 1644 hominum
616 1583 743 1645 dicentia
766 1584 893 1666 formas,

131 1673 237 1733 Infelix
260 1672 372 1732 domini
394 1672 473 1751 quod
496 1672 564 1750 luga
587 1673 669 1751 rupit
690 1690 782 1751 opus.

88 1773 117 1820 15
131 1759 211 1821 Haeo
234 1778 289 1839 ego
312 1759 489 1839 discedens,
512 1761 591 1820 sicut
612 1759 688 1821 bene
711 1759 803 1821 multa
826 1779 978 1840 meorum,

132 1847 198 1927 lpse
218 1865 283 1908 mea
305 1849 393 1926 posui
415 1855 545 1908 maestus
567 1850 599 1908 in
621 1849 689 1927 igne
713 1866 818 1909 manu.

133 1935 229 2014 thue
253 1953 401 1997 cremasse
424 1953 511 1996 suum
534 1935 630 1996 lertur
653 1934 709 1997 sub
735 1938 835 2014 stipite
857 1944 959 1997 natum

132 2023 268 2084 Thestias
292 2030 322 2083 et
345 2022 449 2084 melior
472 2031 565 2084 matre
588 2024 679 2085 luisse
703 2041 806 2104 soror,

135 2110 182 2171 Sic
206 2128 261 2188 ego
285 2129 345 2171 non
368 2114 490 2182 meritos
514 2129 630 2172 mecum
652 2114 784 2190 peritura
807 2111 921 2172 libellos

88 2211 119 2258 20
142 2198 274 2277 Imposui
296 2197 406 2277 rapidis
429 2202 543 2260 viscera
565 2207 666 2260 nostra
689 2201 787 2278 rogis:

133 2285 186 2347 Vel
209 2286 288 2366 quod
312 2304 392 2348 eram
414 2287 535 2368 Musas,
559 2293 593 2348 ut
615 2289 739 2347 crimina
761 2294 885 2367 nostra,
907 2304 1050 2367 perosus,

134 2373 186 2435 Vel
209 2373 289 2454 quod
313 2374 407 2436 adhuc
430 2391 569 2437 crescens
592 2380 622 2434 et
644 2375 719 2434 rude
742 2392 861 2435 carmen
885 2380 967 2434 erat.

126 2463 216 2534 ,Quae
232 2464 370 2541 quoniam
383 2481 443 2524 non
458 2471 529 2524 sunt
540 2463 661 2540 penitus
675 2461 804 2542 sublata,
819 2460 870 2521 sed
885 2468 1000 2536 eatam,
1010 2494 1047 2505 —

135 2550 274 2612 Pluribus
298 2551 439 2631 exemplis
462 2552 573 2630 scripta
596 2549 688 2610 luisse
711 2566 780 2609 reor
802 2581 838 2591 -

91 2649 121 2699 aa
134 2639 221 2701 Nunc
243 2656 374 2720 precor,
396 2646 430 2701 ut
451 2641 550 2700 vivant
573 2645 604 2700 et
625 2654 685 2698 non
708 2638 810 2715 ignava
833 2635 980 2716 legentem

114 2727 201 2812 =Otia
224 2726 373 2788 delectent
395 2726 629 2805 admoneantque
652 2727 727 2786 mei.

135 2814 196 2877 Nec
220 2822 319 2876 mmen
342 2814 391 2875 illa
413 2814 472 2893 legi
493 2821 634 2894 poterunt
656 2816 803 2894 patienter
825 2811 861 2875 ab
884 2814 962 2895 ullo,

135 2902 257 2964 Nesciet
278 2903 326 2963 his
350 2920 493 2964 summam
516 2903 610 2981 siquis
633 2901 736 2964 abesse
760 2921 897 2964 manum.

135 2991 272 3052 Ablatum
296 2991 401 3062 mediis
424 3008 499 3071 opus
522 2999 571 3054 est.
589 2990 747 3052 incudibus
770 2990 860 3072 illud,

91 3089 122 3139 30
137 3079 237 3140 Deserit
261 3088 291 3139 et
314 3081 433 3157 scriptis
455 3077 557 3140 rrltima
578 3077 648 3139 lima
671 3081 761 3140 meis.

136 3167 175 3227 Et
196 3169 313 3228 veniam
336 3185 390 3245 pro
409 3166 494 3227 lande
516 3174 608 3246 peto,
630 3166 764 3228 laudatus
788 3162 923 3244 abunde,

136 3255 203 3316 Non
226 3256 373 3316 fastiditus
397 3257 423 3316 si
445 3253 500 3316 tibi
512 3302 522 3335 ,
543 3254 659 3336 lector,
682 3273 733 3316 ero
746 3277 758 3313 .·

138 3342 199 3403 llos
224 3361 341 3422 quoque
367 3360 418 3402 sex
441 3360 567 3423 versus,
590 3344 621 3402 in
644 3344 732 3421 primi
753 3341 852 3400 fronte
875 3337 966 3399 libelli

140 3430 171 3490 Si
193 3431 418 3509 praeponendos
442 3448 508 3491 esse
531 3429 670 3510 putabis,
693 3427 785 3488 habe:

92 3529 124 3577 35
139 3515 233 3579 ‘Orba
256 3527 378 3596 parente
402 3536 455 3578 suo
480 3520 659 3597 quicumque
684 3515 830 3577 volumina
853 3516 967 3594 tangis,
