<?xml version="1.0" encoding="UTF-8"?>
<!DOCTYPE html PUBLIC "-//W3C//DTD XHTML 1.0 Transitional//EN"
    "http://www.w3.org/TR/xhtml1/DTD/xhtml1-transitional.dtd">
<html xmlns="http://www.w3.org/1999/xhtml" xml:lang="en" lang="en">
 <head>
  <title>
</title>
<meta http-equiv="Content-Type" content="text/html;charset=utf-8" />
  <meta name='ocr-system' content='tesseract 3.04.00' />
  <meta name='ocr-capabilities' content='ocr_page ocr_carea ocr_par ocr_line ocrx_word'/>
</head>
<body>
  <div class='ocr_page' id='page_1' title='image "./ovidiusexiterat00ovidgoog_0387.png"; bbox 0 0 2386 3892; ppageno 0'>
   <div class='ocr_carea' id='block_1_1' title="bbox 121 112 718 177">
    <p class='ocr_par' dir='ltr' id='par_1_1' title="bbox 121 112 718 177">
     <span class='ocr_line' id='line_1_1' title="bbox 121 112 718 177; baseline -0.027 0"><span class='ocrx_word' id='word_1_1' title='bbox 121 113 185 177; x_wconf 83' lang='lat'><strong>336</strong></span> <span class='ocrx_word' id='word_1_2' title='bbox 528 112 718 164; x_wconf 71' lang='lat' dir='ltr'><strong>exspertum</strong></span> 
     </span>
    </p>
   </div>
   <div class='ocr_carea' id='block_1_2' title="bbox 141 275 1125 2994">
    <p class='ocr_par' dir='ltr' id='par_1_2' title="bbox 141 275 1125 2994">
     <span class='ocr_line' id='line_1_2' title="bbox 209 275 1065 359; baseline 0.004 -22"><span class='ocrx_word' id='word_1_3' title='bbox 209 277 342 356; x_wconf 84' lang='lat' dir='ltr'><strong>Nympha</strong></span> <span class='ocrx_word' id='word_1_4' title='bbox 364 275 448 336; x_wconf 89' lang='lat' dir='ltr'><strong>iubet</strong></span> <span class='ocrx_word' id='word_1_5' title='bbox 470 278 573 353; x_wconf 91' lang='lat' dir='ltr'><strong>quaeri</strong></span> <span class='ocrx_word' id='word_1_6' title='bbox 596 275 632 335; x_wconf 88' lang='lat' dir='ltr'><strong>de</strong></span> <span class='ocrx_word' id='word_1_7' title='bbox 656 293 738 335; x_wconf 88' lang='lat' dir='ltr'><strong>more</strong></span> <span class='ocrx_word' id='word_1_8' title='bbox 763 277 907 337; x_wconf 89' lang='lat' dir='ltr'><strong>remotius</strong></span> <span class='ocrx_word' id='word_1_9' title='bbox 931 286 1065 359; x_wconf 80' lang='lat' dir='ltr'><strong>antrum,</strong></span> 
     </span>
     <span class='ocr_line' id='line_1_3' title="bbox 256 363 1019 444; baseline 0.004 -19"><span class='ocrx_word' id='word_1_10' title='bbox 256 365 352 444; x_wconf 87' lang='lat' dir='ltr'><strong>thue</strong></span> <span class='ocrx_word' id='word_1_11' title='bbox 376 381 475 423; x_wconf 89' lang='lat' dir='ltr'><strong>comcs</strong></span> <span class='ocrx_word' id='word_1_12' title='bbox 499 366 633 441; x_wconf 85' lang='lat' dir='ltr'><strong>sequitur</strong></span> <span class='ocrx_word' id='word_1_13' title='bbox 646 410 654 443; x_wconf 95' lang='lat'><strong>,</strong></span> <span class='ocrx_word' id='word_1_14' title='bbox 678 363 872 443; x_wconf 77' lang='lat' dir='ltr'>destituitque</span> <span class='ocrx_word' id='word_1_15' title='bbox 895 365 1019 429; x_wconf 76' lang='lat' dir='ltr'><strong>ducam.</strong></span> 
     </span>
     <span class='ocr_line' id='line_1_4' title="bbox 211 450 1118 532; baseline 0.002 -18"><span class='ocrx_word' id='word_1_16' title='bbox 211 452 326 514; x_wconf 88' lang='lat' dir='ltr'><strong>Stulta!</strong></span> <span class='ocrx_word' id='word_1_17' title='bbox 359 453 438 512; x_wconf 91' lang='lat' dir='ltr'><strong>videt</strong></span> <span class='ocrx_word' id='word_1_18' title='bbox 461 450 548 510; x_wconf 91' lang='lat' dir='ltr'><strong>lanus</strong></span> <span class='ocrx_word' id='word_1_19' title='bbox 561 497 570 532; x_wconf 96' lang='lat'><strong>,</strong></span> <span class='ocrx_word' id='word_1_20' title='bbox 595 469 669 529; x_wconf 90' lang='lat' dir='ltr'><strong>quac</strong></span> <span class='ocrx_word' id='word_1_21' title='bbox 692 457 759 530; x_wconf 92' lang='lat' dir='ltr'><strong>post</strong></span> <span class='ocrx_word' id='word_1_22' title='bbox 782 470 835 513; x_wconf 86' lang='lat' dir='ltr'><strong>sua</strong></span> <span class='ocrx_word' id='word_1_23' title='bbox 857 462 947 532; x_wconf 86' lang='lat' dir='ltr'><strong>terga·</strong></span> <span class='ocrx_word' id='word_1_24' title='bbox 964 463 1118 532; x_wconf 76' lang='lat' dir='ltr'><strong>gerantur:</strong></span> 
     </span>
     <span class='ocr_line' id='line_1_5' title="bbox 254 538 935 619; baseline 0.001 -19"><span class='ocrx_word' id='word_1_25' title='bbox 254 541 300 600; x_wconf 89' lang='lat' dir='ltr'><strong>Nil</strong></span> <span class='ocrx_word' id='word_1_26' title='bbox 323 542 406 619; x_wconf 86' lang='lat' dir='ltr'><strong>agis,</strong></span> <span class='ocrx_word' id='word_1_27' title='bbox 430 546 460 598; x_wconf 92' lang='lat' dir='ltr'><strong>et</strong></span> <span class='ocrx_word' id='word_1_28' title='bbox 482 538 608 598; x_wconf 89' lang='lat' dir='ltr'><strong>latebras</strong></span> <span class='ocrx_word' id='word_1_29' title='bbox 632 541 754 618; x_wconf 73' lang='lat' dir='ltr'><strong>respicit</strong></span> <span class='ocrx_word' id='word_1_30' title='bbox 776 538 825 600; x_wconf 90' lang='lat' dir='ltr'><strong>ille</strong></span> <span class='ocrx_word' id='word_1_31' title='bbox 849 549 935 602; x_wconf 90' lang='lat' dir='ltr'><strong>tuas.</strong></span> 
     </span>
     <span class='ocr_line' id='line_1_6' title="bbox 146 626 1043 708; baseline 0.001 -17"><span class='ocrx_word' id='word_1_32' title='bbox 146 643 196 691; x_wconf 80' lang='lat'><strong>125</strong></span> <span class='ocrx_word' id='word_1_33' title='bbox 211 629 257 689; x_wconf 83' lang='lat' dir='ltr'><strong>Nil</strong></span> <span class='ocrx_word' id='word_1_34' title='bbox 281 631 364 708; x_wconf 88' lang='lat' dir='ltr'><strong>agis,</strong></span> <span class='ocrx_word' id='word_1_35' title='bbox 388 626 447 687; x_wconf 81' lang='lat' dir='ltr'><strong>eni</strong></span> <span class='ocrx_word' id='word_1_36' title='bbox 470 627 553 687; x_wconf 86' lang='lat' dir='ltr'><strong>dixi:</strong></span> <span class='ocrx_word' id='word_1_37' title='bbox 585 645 651 687; x_wconf 90' lang='lat' dir='ltr'><strong>nam</strong></span> <span class='ocrx_word' id='word_1_38' title='bbox 675 635 704 687; x_wconf 89' lang='lat' dir='ltr'><strong>te</strong></span> <span class='ocrx_word' id='word_1_39' title='bbox 728 626 783 688; x_wconf 93' lang='lat' dir='ltr'><strong>sub</strong></span> <span class='ocrx_word' id='word_1_40' title='bbox 807 646 882 708; x_wconf 90' lang='lat' dir='ltr'><strong>rupe</strong></span> <span class='ocrx_word' id='word_1_41' title='bbox 904 629 1043 691; x_wconf 88' lang='lat' dir='ltr'><strong>latentem</strong></span> 
     </span>
     <span class='ocr_line' id='line_1_7' title="bbox 255 714 924 795; baseline 0.001 -17"><span class='ocrx_word' id='word_1_42' title='bbox 255 718 387 794; x_wconf 79' lang='lat' dir='ltr'>Occupat</span> <span class='ocrx_word' id='word_1_43' title='bbox 411 714 567 795; x_wconf 91' lang='lat' dir='ltr'><strong>amplexu,</strong></span> <span class='ocrx_word' id='word_1_44' title='bbox 591 733 703 794; x_wconf 87' lang='lat' dir='ltr'><strong>speque</strong></span> <span class='ocrx_word' id='word_1_45' title='bbox 726 717 839 793; x_wconf 89' lang='lat' dir='ltr'><strong>potitus</strong></span> <span class='ocrx_word' id='word_1_46' title='bbox 863 718 924 779; x_wconf 88' lang='lat' dir='ltr'><strong>ait:</strong></span> 
     </span>
     <span class='ocr_line' id='line_1_8' title="bbox 212 802 998 883; baseline 0.004 -19"><span class='ocrx_word' id='word_1_47' title='bbox 212 803 278 866; x_wconf 79' lang='lat' dir='ltr'><strong>‘lus</strong></span> <span class='ocrx_word' id='word_1_48' title='bbox 300 823 354 883; x_wconf 92' lang='lat' dir='ltr'><strong>pro</strong></span> <span class='ocrx_word' id='word_1_49' title='bbox 379 803 539 863; x_wconf 91' lang='lat' dir='ltr'><strong>concubitu</strong></span> <span class='ocrx_word' id='word_1_50' title='bbox 563 811 664 863; x_wconf 87' lang='lat' dir='ltr'><strong>nostro</strong></span> <span class='ocrx_word' id='word_1_51' title='bbox 688 803 740 863; x_wconf 90' lang='lat' dir='ltr'><strong>tibi</strong></span> <span class='ocrx_word' id='word_1_52' title='bbox 764 802 893 864; x_wconf 90' lang='lat' dir='ltr'><strong>cardinis</strong></span> <span class='ocrx_word' id='word_1_53' title='bbox 915 813 998 867; x_wconf 88' lang='lat' dir='ltr'><strong>esto.</strong></span> 
     </span>
     <span class='ocr_line' id='line_1_9' title="bbox 255 888 938 971; baseline 0.001 -19"><span class='ocrx_word' id='word_1_54' title='bbox 255 893 317 952; x_wconf 93' lang='lat' dir='ltr'><strong>lloc</strong></span> <span class='ocrx_word' id='word_1_55' title='bbox 341 893 469 971; x_wconf 89' lang='lat' dir='ltr'><strong>pretium</strong></span> <span class='ocrx_word' id='word_1_56' title='bbox 494 893 605 969; x_wconf 83' lang='lat' dir='ltr'><strong>positae</strong></span> <span class='ocrx_word' id='word_1_57' title='bbox 630 892 804 969; x_wconf 86' lang='lat' dir='ltr'><strong>virginitatis</strong></span> <span class='ocrx_word' id='word_1_58' title='bbox 827 888 938 954; x_wconf 90' lang='lat' dir='ltr'><strong>habe.&#39;</strong></span> 
     </span>
     <span class='ocr_line' id='line_1_10' title="bbox 213 979 986 1060; baseline 0.003 -20"><span class='ocrx_word' id='word_1_59' title='bbox 213 982 261 1040; x_wconf 89' lang='lat' dir='ltr'><strong>Sic</strong></span> <span class='ocrx_word' id='word_1_60' title='bbox 285 981 361 1040; x_wconf 87' lang='lat' dir='ltr'><strong>latus</strong></span> <span class='ocrx_word' id='word_1_61' title='bbox 385 980 520 1058; x_wconf 90' lang='lat' dir='ltr'><strong>spinam,</strong></span> <span class='ocrx_word' id='word_1_62' title='bbox 546 997 603 1056; x_wconf 86' lang='lat' dir='ltr'><strong>qua</strong></span> <span class='ocrx_word' id='word_1_63' title='bbox 626 981 727 1039; x_wconf 88' lang='lat' dir='ltr'><strong>tristes</strong></span> <span class='ocrx_word' id='word_1_64' title='bbox 751 979 860 1058; x_wconf 92' lang='lat' dir='ltr'><strong>pellere</strong></span> <span class='ocrx_word' id='word_1_65' title='bbox 883 988 986 1060; x_wconf 88' lang='lat' dir='ltr'><strong>posset</strong></span> 
     </span>
     <span class='ocr_line' id='line_1_11' title="bbox 147 1066 1035 1131; baseline 0 -1"><span class='ocrx_word' id='word_1_66' title='bbox 147 1083 196 1130; x_wconf 86' lang='lat'><strong>130</strong></span> <span class='ocrx_word' id='word_1_67' title='bbox 256 1068 278 1127; x_wconf 85' lang='grc' dir='ltr'>Α</span> <span class='ocrx_word' id='word_1_68' title='bbox 303 1067 416 1127; x_wconf 86' lang='lat' dir='ltr'><strong>loribus</strong></span> <span class='ocrx_word' id='word_1_69' title='bbox 440 1084 530 1126; x_wconf 88' lang='lat' dir='ltr'><strong>noxas</strong></span> <span class='ocrx_word' id='word_1_70' title='bbox 553 1099 587 1109; x_wconf 96' lang='lat'>—</span> <span class='ocrx_word' id='word_1_71' title='bbox 611 1066 683 1127; x_wconf 91' lang='lat' dir='ltr'><strong>haec</strong></span> <span class='ocrx_word' id='word_1_72' title='bbox 707 1075 770 1127; x_wconf 91' lang='lat' dir='ltr'><strong>erat</strong></span> <span class='ocrx_word' id='word_1_73' title='bbox 794 1066 915 1128; x_wconf 90' lang='lat' dir='ltr'><strong>alba-</strong></span> <span class='ocrx_word' id='word_1_74' title='bbox 939 1068 1035 1131; x_wconf 88' lang='lat' dir='ltr'><strong>dedit.</strong></span> 
     </span>
     <span class='ocr_line' id='line_1_12' title="bbox 214 1154 1049 1235; baseline 0.004 -20"><span class='ocrx_word' id='word_1_75' title='bbox 214 1157 289 1216; x_wconf 87' lang='lat' dir='ltr'>Sunt</span> <span class='ocrx_word' id='word_1_76' title='bbox 312 1155 410 1215; x_wconf 88' lang='lat' dir='ltr'><strong>avidae</strong></span> <span class='ocrx_word' id='word_1_77' title='bbox 435 1154 570 1214; x_wconf 89' lang='lat' dir='ltr'><strong>volucres</strong></span> <span class='ocrx_word' id='word_1_78' title='bbox 583 1202 592 1235; x_wconf 92' lang='lat'><strong>,</strong></span> <span class='ocrx_word' id='word_1_79' title='bbox 616 1173 674 1215; x_wconf 94' lang='lat' dir='ltr'><strong>non</strong></span> <span class='ocrx_word' id='word_1_80' title='bbox 699 1174 773 1233; x_wconf 90' lang='lat' dir='ltr'><strong>quae</strong></span> <span class='ocrx_word' id='word_1_81' title='bbox 796 1155 918 1216; x_wconf 83' lang='lat' dir='ltr'><strong>Phineia</strong></span> <span class='ocrx_word' id='word_1_82' title='bbox 941 1159 1049 1235; x_wconf 78' lang='lat' dir='ltr'><strong>mensis</strong></span> 
     </span>
     <span class='ocr_line' id='line_1_13' title="bbox 257 1242 1044 1324; baseline 0.004 -20"><span class='ocrx_word' id='word_1_83' title='bbox 257 1245 382 1304; x_wconf 80' lang='lat' dir='ltr'><strong>erttura</strong></span> <span class='ocrx_word' id='word_1_84' title='bbox 406 1242 601 1324; x_wconf 77' lang='lat' dir='ltr'><strong>fraudabant,</strong></span> <span class='ocrx_word' id='word_1_85' title='bbox 624 1242 676 1303; x_wconf 91' lang='lat' dir='ltr'><strong>sed</strong></span> <span class='ocrx_word' id='word_1_86' title='bbox 699 1262 793 1322; x_wconf 88' lang='lat' dir='ltr'><strong>genus</strong></span> <span class='ocrx_word' id='word_1_87' title='bbox 816 1244 884 1304; x_wconf 90' lang='lat' dir='ltr'><strong>inde</strong></span> <span class='ocrx_word' id='word_1_88' title='bbox 907 1245 1044 1307; x_wconf 89' lang='lat' dir='ltr'><strong>trahunt:</strong></span> 
     </span>
     <span class='ocr_line' id='line_1_14' title="bbox 141 1330 1079 1413; baseline 0 -20"><span class='ocrx_word' id='word_1_89' title='bbox 141 1332 144 1337; x_wconf 86' lang='grc'><strong>’</strong></span> <span class='ocrx_word' id='word_1_90' title='bbox 213 1333 329 1393; x_wconf 86' lang='lat' dir='ltr'><strong>Grande</strong></span> <span class='ocrx_word' id='word_1_91' title='bbox 353 1341 461 1410; x_wconf 90' lang='lat' dir='ltr'><strong>caput,</strong></span> <span class='ocrx_word' id='word_1_92' title='bbox 486 1339 597 1391; x_wconf 91' lang='lat' dir='ltr'><strong>stantes</strong></span> <span class='ocrx_word' id='word_1_93' title='bbox 621 1330 720 1412; x_wconf 90' lang='lat' dir='ltr'><strong>oculi,</strong></span> <span class='ocrx_word' id='word_1_94' title='bbox 745 1338 841 1392; x_wconf 90' lang='lat' dir='ltr'><strong>rostra</strong></span> <span class='ocrx_word' id='word_1_95' title='bbox 864 1339 932 1411; x_wconf 87' lang='lat' dir='ltr'><strong>apta</strong></span> <span class='ocrx_word' id='word_1_96' title='bbox 955 1335 1079 1413; x_wconf 87' lang='lat' dir='ltr'><strong>rapinis,</strong></span> 
     </span>
     <span class='ocr_line' id='line_1_15' title="bbox 258 1419 945 1498; baseline 0 -17"><span class='ocrx_word' id='word_1_97' title='bbox 258 1421 386 1481; x_wconf 84' lang='lat' dir='ltr'><strong>Canities</strong></span> <span class='ocrx_word' id='word_1_98' title='bbox 409 1421 527 1498; x_wconf 92' lang='lat' dir='ltr'><strong>pinnis,</strong></span> <span class='ocrx_word' id='word_1_99' title='bbox 552 1419 699 1497; x_wconf 86' lang='lat' dir='ltr'><strong>unguibus</strong></span> <span class='ocrx_word' id='word_1_100' title='bbox 722 1419 826 1480; x_wconf 90' lang='lat' dir='ltr'><strong>hamus</strong></span> <span class='ocrx_word' id='word_1_101' title='bbox 849 1423 945 1481; x_wconf 86' lang='lat' dir='ltr'><strong>inest.</strong></span> 
     </span>
     <span class='ocr_line' id='line_1_16' title="bbox 150 1507 1076 1589; baseline -0.001 -19"><span class='ocrx_word' id='word_1_102' title='bbox 150 1524 198 1570; x_wconf 84' lang='lat'><strong>135</strong></span> <span class='ocrx_word' id='word_1_103' title='bbox 214 1510 305 1569; x_wconf 83' lang='lat' dir='ltr'><strong>Nocte</strong></span> <span class='ocrx_word' id='word_1_104' title='bbox 330 1507 426 1567; x_wconf 92' lang='lat' dir='ltr'><strong>volant</strong></span> <span class='ocrx_word' id='word_1_105' title='bbox 439 1555 448 1587; x_wconf 94' lang='lat'><strong>,</strong></span> <span class='ocrx_word' id='word_1_106' title='bbox 473 1525 641 1586; x_wconf 87' lang='lat' dir='ltr'><strong>puerosque</strong></span> <span class='ocrx_word' id='word_1_107' title='bbox 664 1515 770 1585; x_wconf 88' lang='lat' dir='ltr'><strong>petunt</strong></span> <span class='ocrx_word' id='word_1_108' title='bbox 793 1510 920 1569; x_wconf 90' lang='lat' dir='ltr'><strong>nutricis</strong></span> <span class='ocrx_word' id='word_1_109' title='bbox 942 1516 1076 1589; x_wconf 83' lang='lat' dir='ltr'><strong>egentes,</strong></span> 
     </span>
     <span class='ocr_line' id='line_1_17' title="bbox 257 1596 885 1674; baseline 0.002 -19"><span class='ocrx_word' id='word_1_110' title='bbox 257 1596 294 1657; x_wconf 85' lang='lat' dir='ltr'><strong>Et</strong></span> <span class='ocrx_word' id='word_1_111' title='bbox 318 1598 420 1655; x_wconf 85' lang='lat' dir='ltr'><strong>vitiant</strong></span> <span class='ocrx_word' id='word_1_112' title='bbox 443 1598 528 1655; x_wconf 92' lang='lat' dir='ltr'><strong>cunis</strong></span> <span class='ocrx_word' id='word_1_113' title='bbox 552 1613 675 1674; x_wconf 90' lang='lat' dir='ltr'><strong>corpora</strong></span> <span class='ocrx_word' id='word_1_114' title='bbox 699 1605 781 1674; x_wconf 91' lang='lat' dir='ltr'><strong>rapta</strong></span> <span class='ocrx_word' id='word_1_115' title='bbox 804 1599 885 1657; x_wconf 86' lang='lat' dir='ltr'><strong>suis.</strong></span> 
     </span>
     <span class='ocr_line' id='line_1_18' title="bbox 215 1682 947 1764; baseline -0.001 -19"><span class='ocrx_word' id='word_1_116' title='bbox 215 1685 341 1762; x_wconf 85' lang='lat' dir='ltr'><strong>Carpere</strong></span> <span class='ocrx_word' id='word_1_117' title='bbox 365 1683 504 1744; x_wconf 89' lang='lat' dir='ltr'><strong>dicuntur</strong></span> <span class='ocrx_word' id='word_1_118' title='bbox 527 1682 663 1743; x_wconf 87' lang='lat' dir='ltr'><strong>lactentia</strong></span> <span class='ocrx_word' id='word_1_119' title='bbox 687 1685 798 1743; x_wconf 90' lang='lat' dir='ltr'><strong>viscera</strong></span> <span class='ocrx_word' id='word_1_120' title='bbox 822 1685 947 1764; x_wconf 86' lang='lat' dir='ltr'><strong>rostris,</strong></span> 
     </span>
     <span class='ocr_line' id='line_1_19' title="bbox 257 1771 972 1850; baseline 0.003 -20"><span class='ocrx_word' id='word_1_121' title='bbox 257 1772 295 1831; x_wconf 88' lang='lat' dir='ltr'><strong>Et</strong></span> <span class='ocrx_word' id='word_1_122' title='bbox 317 1771 437 1848; x_wconf 91' lang='lat' dir='ltr'><strong>plenum</strong></span> <span class='ocrx_word' id='word_1_123' title='bbox 460 1779 530 1848; x_wconf 92' lang='lat' dir='ltr'><strong>poto</strong></span> <span class='ocrx_word' id='word_1_124' title='bbox 554 1773 695 1849; x_wconf 86' lang='lat' dir='ltr'><strong>sanguine</strong></span> <span class='ocrx_word' id='word_1_125' title='bbox 719 1780 821 1850; x_wconf 86' lang='lat' dir='ltr'><strong>guttur</strong></span> <span class='ocrx_word' id='word_1_126' title='bbox 844 1771 972 1834; x_wconf 87' lang='lat' dir='ltr'><strong>habent.</strong></span> 
     </span>
     <span class='ocr_line' id='line_1_20' title="bbox 214 1857 1002 1940; baseline 0.001 -21"><span class='ocrx_word' id='word_1_127' title='bbox 214 1860 266 1919; x_wconf 84' lang='lat' dir='ltr'><strong>Est</strong></span> <span class='ocrx_word' id='word_1_128' title='bbox 289 1860 345 1918; x_wconf 85' lang='lat' dir='ltr'><strong>illis</strong></span> <span class='ocrx_word' id='word_1_129' title='bbox 370 1857 510 1935; x_wconf 84' lang='lat' dir='ltr'><strong>strigibus</strong></span> <span class='ocrx_word' id='word_1_130' title='bbox 533 1877 663 1940; x_wconf 72' lang='lat' dir='ltr'><strong>nomen,</strong></span> <span class='ocrx_word' id='word_1_131' title='bbox 687 1859 738 1919; x_wconf 91' lang='lat' dir='ltr'><strong>sed</strong></span> <span class='ocrx_word' id='word_1_132' title='bbox 762 1862 890 1920; x_wconf 87' lang='lat' dir='ltr'><strong>nominis</strong></span> <span class='ocrx_word' id='word_1_133' title='bbox 913 1860 1002 1921; x_wconf 89' lang='lat' dir='ltr'><strong>huius</strong></span> 
     </span>
     <span class='ocr_line' id='line_1_21' title="bbox 151 1945 1071 2025; baseline -0.001 -17"><span class='ocrx_word' id='word_1_134' title='bbox 151 1962 199 2008; x_wconf 78' lang='lat'><strong>140</strong></span> <span class='ocrx_word' id='word_1_135' title='bbox 258 1947 373 2025; x_wconf 85' lang='lat' dir='ltr'><strong>Causa,</strong></span> <span class='ocrx_word' id='word_1_136' title='bbox 397 1945 475 2024; x_wconf 91' lang='lat' dir='ltr'><strong>quod</strong></span> <span class='ocrx_word' id='word_1_137' title='bbox 499 1946 679 2008; x_wconf 90' lang='lat' dir='ltr'><strong>horrendum</strong></span> <span class='ocrx_word' id='word_1_138' title='bbox 703 1947 829 2007; x_wconf 91' lang='lat' dir='ltr'><strong>stridere</strong></span> <span class='ocrx_word' id='word_1_139' title='bbox 853 1955 940 2009; x_wconf 93' lang='lat' dir='ltr'><strong>nocte</strong></span> <span class='ocrx_word' id='word_1_140' title='bbox 965 1946 1071 2009; x_wconf 89' lang='lat' dir='ltr'><strong>solent.</strong></span> 
     </span>
     <span class='ocr_line' id='line_1_22' title="bbox 215 2036 1036 2117; baseline 0.004 -23"><span class='ocrx_word' id='word_1_141' title='bbox 215 2036 281 2095; x_wconf 87' lang='lat' dir='ltr'><strong>Sive</strong></span> <span class='ocrx_word' id='word_1_142' title='bbox 305 2036 395 2111; x_wconf 86' lang='lat' dir='ltr'><strong>igitur</strong></span> <span class='ocrx_word' id='word_1_143' title='bbox 418 2042 581 2095; x_wconf 90' lang='lat' dir='ltr'><strong>naseuntur</strong></span> <span class='ocrx_word' id='word_1_144' title='bbox 604 2053 692 2114; x_wconf 85' lang='lat' dir='ltr'><strong>aves,</strong></span> <span class='ocrx_word' id='word_1_145' title='bbox 717 2053 770 2095; x_wconf 88' lang='lat' dir='ltr'><strong>scu</strong></span> <span class='ocrx_word' id='word_1_146' title='bbox 794 2038 923 2096; x_wconf 87' lang='lat' dir='ltr'><strong>carmine</strong></span> <span class='ocrx_word' id='word_1_147' title='bbox 947 2036 1036 2117; x_wconf 88' lang='lat' dir='ltr'><strong>liunt,</strong></span> 
     </span>
     <span class='ocr_line' id='line_1_23' title="bbox 257 2122 1001 2201; baseline 0.005 -20"><span class='ocrx_word' id='word_1_148' title='bbox 257 2122 425 2200; x_wconf 90' lang='lat' dir='ltr'><strong>Naeniaque</strong></span> <span class='ocrx_word' id='word_1_149' title='bbox 449 2124 479 2181; x_wconf 91' lang='lat' dir='ltr'><strong>in</strong></span> <span class='ocrx_word' id='word_1_150' title='bbox 503 2122 638 2182; x_wconf 88' lang='lat' dir='ltr'><strong>volueres</strong></span> <span class='ocrx_word' id='word_1_151' title='bbox 661 2122 755 2183; x_wconf 88' lang='lat' dir='ltr'><strong>Marsa</strong></span> <span class='ocrx_word' id='word_1_152' title='bbox 779 2124 885 2201; x_wconf 83' lang='lat' dir='ltr'><strong>tigurat</strong></span> <span class='ocrx_word' id='word_1_153' title='bbox 909 2142 1001 2185; x_wconf 85' lang='lat' dir='ltr'><strong>anus:</strong></span> 
     </span>
     <span class='ocr_line' id='line_1_24' title="bbox 214 2210 1079 2273; baseline 0.001 -3"><span class='ocrx_word' id='word_1_154' title='bbox 214 2211 246 2270; x_wconf 94' lang='lat' dir='ltr'><strong>ln</strong></span> <span class='ocrx_word' id='word_1_155' title='bbox 272 2210 412 2270; x_wconf 87' lang='lat' dir='ltr'><strong>tlxalamos</strong></span> <span class='ocrx_word' id='word_1_156' title='bbox 436 2228 543 2270; x_wconf 89' lang='lat' dir='ltr'><strong>venere</strong></span> <span class='ocrx_word' id='word_1_157' title='bbox 567 2210 698 2271; x_wconf 85' lang='lat' dir='ltr'><strong>Procae.</strong></span> <span class='ocrx_word' id='word_1_158' title='bbox 740 2210 833 2271; x_wconf 89' lang='lat' dir='ltr'><strong>Proca</strong></span> <span class='ocrx_word' id='word_1_159' title='bbox 856 2220 944 2273; x_wconf 84' lang='lat' dir='ltr'><strong>natus</strong></span> <span class='ocrx_word' id='word_1_160' title='bbox 969 2214 1000 2272; x_wconf 94' lang='lat' dir='ltr'><strong>in</strong></span> <span class='ocrx_word' id='word_1_161' title='bbox 1024 2212 1079 2272; x_wconf 91' lang='lat' dir='ltr'><strong>illis</strong></span> 
     </span>
     <span class='ocr_line' id='line_1_25' title="bbox 258 2298 1007 2376; baseline 0.005 -18"><span class='ocrx_word' id='word_1_162' title='bbox 258 2298 369 2359; x_wconf 87' lang='lat' dir='ltr'><strong>Praeda</strong></span> <span class='ocrx_word' id='word_1_163' title='bbox 392 2317 497 2358; x_wconf 92' lang='lat' dir='ltr'><strong>recens</strong></span> <span class='ocrx_word' id='word_1_164' title='bbox 521 2300 616 2358; x_wconf 90' lang='lat' dir='ltr'><strong>avium</strong></span> <span class='ocrx_word' id='word_1_165' title='bbox 641 2300 772 2376; x_wconf 72' lang='lat' dir='ltr'><strong>utrinque</strong></span> <span class='ocrx_word' id='word_1_166' title='bbox 796 2298 901 2360; x_wconf 87' lang='lat' dir='ltr'><strong>diebus</strong></span> <span class='ocrx_word' id='word_1_167' title='bbox 924 2308 1007 2362; x_wconf 89' lang='lat' dir='ltr'><strong>erat:</strong></span> 
     </span>
     <span class='ocr_line' id='line_1_26' title="bbox 151 2385 988 2467; baseline 0.004 -21"><span class='ocrx_word' id='word_1_168' title='bbox 151 2401 199 2447; x_wconf 80' lang='grc'><strong>115</strong></span> <span class='ocrx_word' id='word_1_169' title='bbox 214 2388 396 2465; x_wconf 89' lang='lat' dir='ltr'><strong>Pectoraque</strong></span> <span class='ocrx_word' id='word_1_170' title='bbox 420 2385 579 2447; x_wconf 85' lang='lat' dir='ltr'><strong>exsorbent</strong></span> <span class='ocrx_word' id='word_1_171' title='bbox 602 2387 693 2447; x_wconf 86' lang='lat' dir='ltr'><strong>avidis</strong></span> <span class='ocrx_word' id='word_1_172' title='bbox 716 2389 837 2447; x_wconf 88' lang='lat' dir='ltr'><strong>inlantia</strong></span> <span class='ocrx_word' id='word_1_173' title='bbox 860 2387 988 2467; x_wconf 88' lang='lat' dir='ltr'><strong>linguis:</strong></span> 
     </span>
     <span class='ocr_line' id='line_1_27' title="bbox 258 2474 902 2555; baseline 0.005 -21"><span class='ocrx_word' id='word_1_174' title='bbox 258 2477 295 2535; x_wconf 78' lang='lat'><strong>11</strong></span> <span class='ocrx_word' id='word_1_175' title='bbox 318 2494 392 2554; x_wconf 90' lang='lat' dir='ltr'><strong>puer</strong></span> <span class='ocrx_word' id='word_1_176' title='bbox 416 2474 516 2534; x_wconf 88' lang='lat' dir='ltr'><strong>inielix</strong></span> <span class='ocrx_word' id='word_1_177' title='bbox 536 2476 617 2552; x_wconf 73' lang='lat' dir='ltr'><strong>sagit</strong></span> <span class='ocrx_word' id='word_1_178' title='bbox 639 2492 785 2554; x_wconf 87' lang='lat' dir='ltr'><strong>opemque</strong></span> <span class='ocrx_word' id='word_1_179' title='bbox 808 2478 902 2555; x_wconf 84' lang='lat' dir='ltr'><strong>petit.</strong></span> 
     </span>
     <span class='ocr_line' id='line_1_28' title="bbox 215 2563 925 2645; baseline 0.003 -23"><span class='ocrx_word' id='word_1_180' title='bbox 215 2564 330 2623; x_wconf 86' lang='lat' dir='ltr'><strong>Territa</strong></span> <span class='ocrx_word' id='word_1_181' title='bbox 354 2581 424 2623; x_wconf 89' lang='lat' dir='ltr'><strong>voce</strong></span> <span class='ocrx_word' id='word_1_182' title='bbox 449 2565 495 2622; x_wconf 91' lang='lat' dir='ltr'><strong>sui</strong></span> <span class='ocrx_word' id='word_1_183' title='bbox 518 2564 618 2622; x_wconf 85' lang='lat' dir='ltr'><strong>nutrix</strong></span> <span class='ocrx_word' id='word_1_184' title='bbox 642 2566 771 2622; x_wconf 89' lang='lat' dir='ltr'><strong>accurrit</strong></span> <span class='ocrx_word' id='word_1_185' title='bbox 795 2563 925 2645; x_wconf 86' lang='lat' dir='ltr'><strong>alumni,</strong></span> 
     </span>
     <span class='ocr_line' id='line_1_29' title="bbox 259 2651 920 2730; baseline 0.006 -21"><span class='ocrx_word' id='word_1_186' title='bbox 259 2651 296 2711; x_wconf 91' lang='lat' dir='ltr'><strong>Et</strong></span> <span class='ocrx_word' id='word_1_187' title='bbox 320 2651 414 2728; x_wconf 88' lang='lat' dir='ltr'><strong>rigido</strong></span> <span class='ocrx_word' id='word_1_188' title='bbox 438 2657 533 2710; x_wconf 91' lang='lat' dir='ltr'><strong>sectas</strong></span> <span class='ocrx_word' id='word_1_189' title='bbox 557 2651 668 2710; x_wconf 89' lang='lat' dir='ltr'><strong>invenit</strong></span> <span class='ocrx_word' id='word_1_190' title='bbox 692 2669 790 2729; x_wconf 85' lang='lat' dir='ltr'><strong>ungue</strong></span> <span class='ocrx_word' id='word_1_191' title='bbox 813 2670 920 2730; x_wconf 87' lang='lat' dir='ltr'><strong>genas.</strong></span> 
     </span>
     <span class='ocr_line' id='line_1_30' title="bbox 216 2736 1124 2820; baseline 0.001 -24"><span class='ocrx_word' id='word_1_192' title='bbox 216 2739 291 2808; x_wconf 83' lang='lat' dir='ltr'><strong>Quid</strong></span> <span class='ocrx_word' id='word_1_193' title='bbox 316 2736 457 2799; x_wconf 82' lang='lat' dir='ltr'><strong>laceret?</strong></span> <span class='ocrx_word' id='word_1_194' title='bbox 489 2738 570 2798; x_wconf 93' lang='lat' dir='ltr'><strong>color</strong></span> <span class='ocrx_word' id='word_1_195' title='bbox 593 2740 653 2798; x_wconf 90' lang='lat' dir='ltr'><strong>oris</strong></span> <span class='ocrx_word' id='word_1_196' title='bbox 682 2745 768 2820; x_wconf 89' lang='lat' dir='ltr'><strong>erat,</strong></span> <span class='ocrx_word' id='word_1_197' title='bbox 796 2742 847 2817; x_wconf 89' lang='lat' dir='ltr'><strong>qui</strong></span> <span class='ocrx_word' id='word_1_198' title='bbox 875 2739 1034 2801; x_wconf 85' lang='lat' dir='ltr'><strong>frondibus</strong></span> <span class='ocrx_word' id='word_1_199' title='bbox 1061 2738 1124 2800; x_wconf 89' lang='lat' dir='ltr'><strong>olim</strong></span> 
     </span>
     <span class='ocr_line' id='line_1_31' title="bbox 151 2825 998 2906; baseline 0.004 -20"><span class='ocrx_word' id='word_1_200' title='bbox 151 2841 200 2887; x_wconf 79' lang='grc'><strong>1511</strong></span> <span class='ocrx_word' id='word_1_201' title='bbox 261 2825 334 2884; x_wconf 82' lang='lat' dir='ltr'><strong>Esse</strong></span> <span class='ocrx_word' id='word_1_202' title='bbox 359 2826 434 2887; x_wconf 89' lang='lat' dir='ltr'><strong>solet</strong></span> <span class='ocrx_word' id='word_1_203' title='bbox 457 2829 556 2906; x_wconf 86' lang='lat' dir='ltr'><strong>seris,</strong></span> <span class='ocrx_word' id='word_1_204' title='bbox 581 2844 653 2905; x_wconf 89' lang='lat' dir='ltr'><strong>quas</strong></span> <span class='ocrx_word' id='word_1_205' title='bbox 677 2845 751 2887; x_wconf 88' lang='lat' dir='ltr'><strong>nova</strong></span> <span class='ocrx_word' id='word_1_206' title='bbox 775 2826 859 2888; x_wconf 90' lang='lat' dir='ltr'><strong>laesit</strong></span> <span class='ocrx_word' id='word_1_207' title='bbox 882 2828 998 2890; x_wconf 78' lang='lat' dir='ltr'><strong>hieme.</strong></span> 
     </span>
     <span class='ocr_line' id='line_1_32' title="bbox 215 2912 1125 2994; baseline 0.001 -21"><span class='ocrx_word' id='word_1_208' title='bbox 215 2914 352 2974; x_wconf 85' lang='lat' dir='ltr'><strong>Pervenit</strong></span> <span class='ocrx_word' id='word_1_209' title='bbox 376 2914 410 2973; x_wconf 90' lang='lat' dir='ltr'><strong>ad</strong></span> <span class='ocrx_word' id='word_1_210' title='bbox 435 2912 589 2994; x_wconf 92' lang='lat' dir='ltr'><strong>Cranaen,</strong></span> <span class='ocrx_word' id='word_1_211' title='bbox 614 2923 643 2975; x_wconf 87' lang='lat' dir='ltr'><strong>et</strong></span> <span class='ocrx_word' id='word_1_212' title='bbox 667 2932 729 2974; x_wconf 91' lang='lat' dir='ltr'><strong>rem</strong></span> <span class='ocrx_word' id='word_1_213' title='bbox 752 2914 862 2975; x_wconf 91' lang='lat' dir='ltr'><strong>docet.</strong></span> <span class='ocrx_word' id='word_1_214' title='bbox 903 2915 952 2977; x_wconf 88' lang='lat' dir='ltr'><strong>illa</strong></span> <span class='ocrx_word' id='word_1_215' title='bbox 977 2912 1125 2977; x_wconf 73' lang='lat' dir='ltr'><strong>‘timorem</strong></span> 
     </span>
    </p>
   </div>
   <div class='ocr_carea' id='block_1_3' title="bbox 153 2997 1128 3520">
    <p class='ocr_par' dir='ltr' id='par_1_3' title="bbox 217 2997 1046 3257">
     <span class='ocr_line' id='line_1_33' title="bbox 259 2997 1004 3081; baseline 0.003 -19"><span class='ocrx_word' id='word_1_216' title='bbox 259 3000 360 3062; x_wconf 89' lang='lat' dir='ltr'><strong>Pone!</strong></span> <span class='ocrx_word' id='word_1_217' title='bbox 393 3010 463 3063; x_wconf 91' lang='lat' dir='ltr'><strong>tuus</strong></span> <span class='ocrx_word' id='word_1_218' title='bbox 487 2997 606 3081; x_wconf 89' lang='lat' dir='ltr'><strong>sospes&#39;</strong></span> <span class='ocrx_word' id='word_1_219' title='bbox 631 3002 703 3063; x_wconf 82' lang='lat' dir='ltr'><strong>dixit</strong></span> <span class='ocrx_word' id='word_1_220' title='bbox 727 2997 880 3064; x_wconf 76' lang='lat' dir='ltr'><strong>‘alumnus</strong></span> <span class='ocrx_word' id='word_1_221' title='bbox 903 3006 961 3064; x_wconf 88' lang='lat' dir='ltr'><strong>erit</strong></span> <span class='ocrx_word' id='word_1_222' title='bbox 976 2999 1004 3064; x_wconf 70' lang='lat'><strong>,³</strong></span> 
     </span>
     <span class='ocr_line' id='line_1_34' title="bbox 217 3089 1046 3173; baseline 0.006 -25"><span class='ocrx_word' id='word_1_223' title='bbox 217 3091 341 3149; x_wconf 84' lang='lat' dir='ltr'><strong>Venerat</strong></span> <span class='ocrx_word' id='word_1_224' title='bbox 365 3090 399 3149; x_wconf 93' lang='lat' dir='ltr'><strong>ad</strong></span> <span class='ocrx_word' id='word_1_225' title='bbox 424 3107 538 3151; x_wconf 88' lang='lat' dir='ltr'><strong>cunas:</strong></span> <span class='ocrx_word' id='word_1_226' title='bbox 571 3089 680 3151; x_wconf 84' lang='lat' dir='ltr'><strong>ssebant</strong></span> <span class='ocrx_word' id='word_1_227' title='bbox 704 3101 856 3170; x_wconf 87' lang='lat' dir='ltr'><strong>materque</strong></span> <span class='ocrx_word' id='word_1_228' title='bbox 880 3099 1046 3173; x_wconf 83' lang='lat' dir='ltr'><strong>paterque:</strong></span> 
     </span>
     <span class='ocr_line' id='line_1_35' title="bbox 261 3174 1011 3257; baseline 0.008 -21"><span class='ocrx_word' id='word_1_229' title='bbox 261 3174 379 3238; x_wconf 62' lang='lat' dir='ltr'><strong>‘Sistite</strong></span> <span class='ocrx_word' id='word_1_230' title='bbox 405 3197 455 3238; x_wconf 83' lang='lat' dir='ltr'><strong>vos</strong></span> <span class='ocrx_word' id='word_1_231' title='bbox 480 3178 635 3257; x_wconf 89' lang='lat' dir='ltr'><strong>lacrimas,</strong></span> <span class='ocrx_word' id='word_1_232' title='bbox 659 3182 721 3257; x_wconf 90' lang='lat' dir='ltr'><strong>ipsa</strong></span> <span class='ocrx_word' id='word_1_233' title='bbox 745 3175 924 3240; x_wconf 85' lang='lat' dir='ltr'><strong>medebori&#39;</strong></span> <span class='ocrx_word' id='word_1_234' title='bbox 948 3182 1011 3243; x_wconf 90' lang='lat' dir='ltr'><strong>alt.</strong></span> 
     </span>
    </p>

    <p class='ocr_par' dir='ltr' id='par_1_4' title="bbox 153 3264 1128 3520">
     <span class='ocr_line' id='line_1_36' title="bbox 153 3264 996 3347; baseline 0.008 -24"><span class='ocrx_word' id='word_1_235' title='bbox 153 3278 201 3323; x_wconf 87' lang='grc'><strong>155</strong></span> <span class='ocrx_word' id='word_1_236' title='bbox 217 3264 356 3325; x_wconf 86' lang='lat' dir='ltr'><strong>Protinus</strong></span> <span class='ocrx_word' id='word_1_237' title='bbox 380 3266 501 3326; x_wconf 88' lang='lat' dir='ltr'><strong>arbutea</strong></span> <span class='ocrx_word' id='word_1_238' title='bbox 526 3273 625 3344; x_wconf 91' lang='lat' dir='ltr'><strong>postes</strong></span> <span class='ocrx_word' id='word_1_239' title='bbox 650 3275 695 3326; x_wconf 92' lang='lat' dir='ltr'><strong>ter</strong></span> <span class='ocrx_word' id='word_1_240' title='bbox 718 3269 748 3327; x_wconf 95' lang='lat' dir='ltr'><strong>in</strong></span> <span class='ocrx_word' id='word_1_241' title='bbox 773 3267 876 3327; x_wconf 88' lang='lat' dir='ltr'><strong>ordine</strong></span> <span class='ocrx_word' id='word_1_242' title='bbox 899 3270 996 3347; x_wconf 86' lang='lat' dir='ltr'><strong>tangit</strong></span> 
     </span>
     <span class='ocr_line' id='line_1_37' title="bbox 260 3352 992 3437; baseline 0.01 -27"><span class='ocrx_word' id='word_1_243' title='bbox 260 3352 398 3433; x_wconf 89' lang='lat' dir='ltr'><strong>Fronde,</strong></span> <span class='ocrx_word' id='word_1_244' title='bbox 423 3363 468 3414; x_wconf 89' lang='lat' dir='ltr'><strong>ter</strong></span> <span class='ocrx_word' id='word_1_245' title='bbox 492 3354 613 3413; x_wconf 88' lang='lat' dir='ltr'><strong>arbutea</strong></span> <span class='ocrx_word' id='word_1_246' title='bbox 637 3353 735 3414; x_wconf 91' lang='lat' dir='ltr'><strong>limina</strong></span> <span class='ocrx_word' id='word_1_247' title='bbox 760 3355 864 3415; x_wconf 82' lang='lat' dir='ltr'><strong>fronde</strong></span> <span class='ocrx_word' id='word_1_248' title='bbox 888 3364 992 3437; x_wconf 89' lang='lat' dir='ltr'><strong>notat,</strong></span> 
     </span>
     <span class='ocr_line' id='line_1_38' title="bbox 218 3439 1128 3520; baseline 0.009 -23"><span class='ocrx_word' id='word_1_249' title='bbox 218 3439 334 3517; x_wconf 86' lang='lat' dir='ltr'><strong>Spargit</strong></span> <span class='ocrx_word' id='word_1_250' title='bbox 349 3444 433 3518; x_wconf 90' lang='lat' dir='ltr'><strong>aquis</strong></span> <span class='ocrx_word' id='word_1_251' title='bbox 444 3441 540 3503; x_wconf 90' lang='lat' dir='ltr'><strong>aditus</strong></span> <span class='ocrx_word' id='word_1_252' title='bbox 553 3475 583 3483; x_wconf 92' lang='lat'>—</span> <span class='ocrx_word' id='word_1_253' title='bbox 596 3450 625 3502; x_wconf 89' lang='lat' dir='ltr'><strong>et</strong></span> <span class='ocrx_word' id='word_1_254' title='bbox 641 3460 733 3520; x_wconf 90' lang='lat' dir='ltr'><strong>aquae</strong></span> <span class='ocrx_word' id='word_1_255' title='bbox 744 3442 927 3504; x_wconf 91' lang='lat' dir='ltr'><strong>medicamen</strong></span> <span class='ocrx_word' id='word_1_256' title='bbox 941 3444 1092 3508; x_wconf 84' lang='lat' dir='ltr'><strong>habebant</strong></span> <span class='ocrx_word' id='word_1_257' title='bbox 1103 3475 1128 3485; x_wconf 87' lang='lat'>-</span> 
     </span>
    </p>
   </div>
   <div class='ocr_carea' id='block_1_4' title="bbox 0 0 1202 3892">
    <p class='ocr_par' dir='ltr' id='par_1_5' title="bbox 0 0 1202 3892">
     <span class='ocr_line' id='line_1_39' title="bbox 0 0 1202 3892; baseline 0 0"><span class='ocrx_word' id='word_1_258' title='bbox 0 0 1202 3892; x_wconf 95' lang='lat' dir='ltr'><strong> </strong></span> 
     </span>
    </p>
   </div>
  </div>
 </body>
</html>
