2386 3892
432 184 478 236 v1.
498 185 647 239 err-oso.
976 180 1039 248 351

125 347 174 408 Sic
197 349 293 426 agitur
316 363 441 408 censura
464 347 560 408 etsie
584 344 717 426 exempla
731 304 899 426 parantur,

168 435 241 496 Cum
266 433 393 516 vindex,
415 433 488 496 alios
511 433 592 513 quod
613 438 738 515 monet,
760 436 825 514 ipse
847 434 936 497 iacit.

315 570 364 636 12.
388 562 450 635 ou
497 568 547 635 oe.
569 537 760 636 nurus

124 697 208 760 Nulla
231 704 300 758 nota
323 702 369 756 eet
392 696 527 757 veniente
551 694 598 757 die
611 741 621 776 ,
636 712 738 784 quam
761 696 860 759 dicere
881 698 996 777 possis.

56 799 110 849 seo
167 785 268 847 Idibus
290 782 402 844 invicto
426 790 497 844 sant
517 783 584 844 data
607 782 715 862 templa
737 781 815 846 iovi.

123 874 162 934 Et
184 875 242 933 iam
266 871 470 949 Quinquatrus
492 869 598 932 iubeor
620 886 742 932 nurrare
764 872 912 933 minores.

168 960 254 1021 Nunc
272 959 342 1020 ades
365 956 405 1018 ot
437 959 572 1039 coeptis,
594 957 668 1019 nava
690 957 843 1041 Minerva,
865 961 956 1021 fleis.

125 1045 202 1110 ‘Cur
224 1065 315 1126 vagus
337 1044 449 1106 incedit
471 1053 532 1107 totu
553 1045 666 1109 dbtcen
688 1049 720 1109 in
742 1044 853 1110 Urbe?
991 1086 997 1098 ·

169 1135 247 1207 Quid
269 1133 327 1195 sibi
348 1148 514 1214 personae,
535 1135 609 1213 quid
632 1134 707 1197 stole
729 1135 816 1216 longe
837 1130 983 1199 solunti’

58 1236 110 1288 eeu
127 1223 176 1285 Sic
200 1239 276 1302 ego.
316 1222 360 1282 sic
382 1223 479 1301 positu
501 1220 634 1283 Tritonia
657 1223 779 1302 cuspide
802 1223 917 1286 dixit:
959 1240 961 1245 ·

170 1311 285 1372 Possim
307 1311 420 1371 utinum
443 1309 548 1371 docus
570 1309 660 1371 verba
682 1311 796 1372 reterre
819 1310 909 1373 deaei

126 1396 338 1479 ‘Temporibus
361 1405 495 1459 veterum
516 1395 649 1460 tibictn‘m
672 1414 746 1482 usus
768 1414 889 1460 erorum

169 1487 292 1566 Magnus
315 1493 346 1547 et
366 1487 399 1546 in
420 1500 527 1565 megan
549 1502 669 1566 semper
691 1485 804 1547 honore
826 1485 901 1548 init.
945 1481 948 1484 ’

126 1574 268 1637 Cantabat
290 1574 365 1634 iauis
377 1618 388 1653 ,
410 1572 546 1636 certabet
568 1573 640 1636 tibia
662 1572 758 1654 ludis,

59 1662 112 1728 eod
172 1660 313 1724 Cantaba:
335 1663 455 1722 maestis
478 1660 550 1722 tibia
572 1659 746 1723 funeribus:
885 1661 886 1664 ’

126 1750 227 1812 Dulcis
250 1757 315 1810 crat
336 1747 474 1810 mercede
496 1747 600 1810 labor.
643 1755 822 1831 tempusque
844 1757 999 1832 secutum,
1127 1797 1130 1807 .

171 1837 257 1909 Quod
280 1835 378 1898 subito
401 1835 505 1898 Grates
528 1837 680 1918 frangeret
698 1839 774 1899 artis
795 1854 890 1920 opue3

126 1926 208 1987 Adde
232 1925 311 2006 quod
334 1924 459 2008 aedilis,
481 1940 618 2007 pompam
641 1927 693 2006 qui
714 1925 830 1988 teneris
851 1927 948 2008 luent,
970 1918 973 1924 ’

170 2013 307 2075 Artifices
327 2013 409 2074 solos
431 2015 559 2076 iusserat
582 2030 649 2076 esee
671 2013 793 2076 decem.

61 2114 113 2166 665
127 2101 222 2162 Exitio
245 2108 360 2159 mutant
382 2099 514 2179 Usbem,
536 2101 689 2180 'liberque
711 2100 873 2164 recedunt.
938 2088 967 2153 ¹·

171 2186 299 2248 Exilium
322 2183 450 2264 quodem
469 2190 606 2264 tempere
627 2186 723 2249 rrum
743 2197 825 2251 urat.

129 2277 288 2349 Quaeritur
310 2275 342 2333 in
364 2286 470 2343 scaena
489 2283 563 2333 cara
583 2271 679 2354 tibia,
699 2275 856 2353 quaeritur
875 2277 956 2357 mis3

172 2364 260 2425 Ducit
282 2374 437 2441 supremos
459 2361 564 2422 menta
585 2358 667 2421 nulla
687 2367 789 2423 uros.
1009 2362 1013 2367 ’

130 2452 278 2514 Serrierat
300 2448 441 2530 quidem,
464 2445 648 2528 quantotibet
669 2447 774 2510 ordine
796 2446 921 2529 dignus,

63 2555 114 2604 ero
173 2539 305 2618 Tibure,
328 2535 380 2598 sed
402 2535 490 2615 longo
510 2543 647 2615 tempore
668 2533 745 2597 iiber
766 2542 850 2600 eret.

130 2627 210 2689 Rure
234 2626 324 2704 dapes
345 2631 430 2704 parat
451 2623 501 2686 ilie
518 2640 601 2705 suo,
620 2621 800 2703 turbmque
823 2636 961 2685 canorum

174 2714 343 2777 Convocat:
375 2711 412 2774 ad
433 2712 525 2775 remae
547 2712 687 2775 convenit
707 2710 757 2773 itia
777 2711 887 2793 depes.

130 2802 194 2863 Nox
216 2810 281 2865 erat
292 2850 302 2884 ,
322 2808 357 2863 et
378 2801 454 2862 unis
476 2799 614 2881 oculique
634 2800 786 2880 enrmtqrn
806 2798 964 2882 crambem,

175 2887 248 2950 Cum
270 2889 506 2969 praecomposito
529 2889 653 2951 nuntius
674 2905 728 2951 ore
750 2890 848 2971 venit,

65 2988 116 3038 eru
131 2975 227 3055 Atque
249 2978 312 3057 ita,
333 2972 434 3057 “quid
457 2992 555 3040 cessas
578 2976 711 3040 convitio
732 2976 847 3040 solvere
860 2969 905 3035 ?’'
928 2974 1002 3035 dixit

175 3060 310 3125 “ductor
332 3062 477 3128 :murum
498 3066 558 3128 ium
580 3067 661 3128 venit
679 3065 753 3127 eoos
776 3054 891 3126 ttae?

130 3153 192 3216 Nec
216 3169 320 3234 more,
340 3154 481 3215 convivae
504 3151 600 3213 raddo
622 3149 780 3213 titubentta
800 3150 869 3211 aino

174 3241 305 3304 Membra
327 3247 468 3303 monent:
492 3237 577 3301 dubii
598 3245 736 3317 stentque
757 3235 917 3317 tabentque
937 3234 1047 3322 pedes.

130 3330 168 3390 dt
189 3329 326 3393 dominus
349 3325 522 3392 “discedite
535 3320 572 3387 i”
595 3327 654 3406 eit,
680 3323 872 3404 plaustroque
895 3331 1046 3387 morantes

66 3430 117 3479 680
178 3415 326 3479 Sustulit:
356 3417 388 3477 in
409 3414 543 3496 ueneno
565 3414 682 3493 scupea
703 3410 762 3475 tota
783 3412 857 3475 Mt.

131 3503 270 3566 Adiciunt
291 3514 413 3565 somnos
433 3511 556 3581 tempus·
573 3506 733 3581 motusque
754 3504 947 3583 merumque,
