2386 3892
90 163 169 218 XXII

90 334 125 388 ut
146 330 232 405 potui
254 328 370 388 sustuli.
423 327 455 387 in
482 327 598 416 pagin'g
622 318 694 407 (17)
719 326 849 400 adusque
870 318 957 407 (24),
983 328 1098 386 sicum

90 417 226 475 Bentleio
250 417 265 474 I
289 431 311 475 v
335 418 374 475 81
401 417 441 475 82
467 418 498 474 et
520 416 535 473 I
559 428 609 474 v11
633 417 672 474 21
700 417 740 474 22
766 413 921 489 exemeris,
944 416 1100 475 abundant

92 505 218 564 disticha
245 508 399 582 quattuor,
430 504 456 563 si
482 524 511 579 p.
531 497 603 584 (17)
631 521 699 563 av.
724 505 765 563 35
794 502 860 561 duci
891 503 998 578 possit,
1031 505 1099 565 tria.

92 613 127 652 ea
154 592 299 668 siquidem
328 610 365 651 ex
391 611 419 666 p.
440 585 511 671 (17)
539 591 657 650 detrahi
687 610 747 650 non
773 595 910 666 possunt,
945 611 1040 666 neque
1068 593 1101 650 in

91 681 225 757 margine
257 683 310 740 aut
341 679 433 757 aliqui
464 683 585 754 praeter
618 679 750 738 ordinem
782 678 952 738 adhaesisse
982 679 1099 739 dicendi

92 772 174 844 sunt,
198 769 244 828 uti
260 769 292 827 in
309 767 441 827 Lucretii
466 768 589 827 schedae
607 767 695 828 unius
713 771 839 842 utraque
857 767 968 843 pagina
985 768 1100 827 factum

92 857 210 932 scripsit
237 857 443 916 Lachmannus
475 876 504 931 p.
529 858 562 930 5,
590 858 698 929 restat,
728 858 763 914 ut
790 855 918 931 paginae
948 856 1099 932 inaequali

91 965 232 1004 versuum
262 963 385 1007 numero
417 944 510 1003 fuisse
542 946 693 1019 putentur.
747 943 779 1001 id
810 943 841 1001 in
876 943 962 1002 libris
994 946 1099 1005 multis

92 1035 124 1091 et
147 1033 276 1109 egregiis
299 1051 356 1091 usu
373 1032 468 1107 veuit3
490 1032 692 1108 fragmentum
711 1031 808 1091 Guelf.
825 1049 885 1090 non
902 1032 1012 1108 ubique
1027 1046 1099 1093 xxv

91 1121 230 1185 hahuisse
252 1119 384 1194 videtur,
413 1121 595 1180 Monacensis
618 1120 743 1200 fluctuat
765 1120 845 1178 inter
867 1133 928 1179 xm
952 1124 983 1179 et
1006 1135 1098 1197 XLVI,

91 1208 358 1286 Hamburgensem,
378 1208 547 1267 Parisinum
561 1208 725 1267 Heroidum
744 1201 940 1283 ‘plerumque’
959 1209 1098 1285 tricenos,

91 1296 297 1356 undetricenos
320 1297 431 1356 habere
453 1297 526 1355 olim
545 1296 663 1370 scripsi,
687 1296 870 1355 Marcianum
888 1297 1009 1356 Metam.
1029 1311 1098 1374 1111,

91 1397 177 1460 XLII,
202 1397 288 1444 111111
311 1384 395 1443 Korn
416 1405 444 1459 p.
468 1397 539 1445 vm.
590 1402 649 1444 non
667 1383 803 1443 dubitavi
824 1385 1029 1460 quaternionis
1054 1386 1099 1444 di-

91 1473 216 1548 midiati,
239 1474 342 1549 quales
362 1472 490 1532 solitarii
507 1472 717 1547 intercurrunt,
742 1472 858 1548 paginis
879 1476 944 1531 octo
964 1474 1100 1549 singulos

91 1578 195 1619 versus
219 1560 345 1619 adicere:
374 1559 501 1618 disticha
523 1578 557 1617 eo
580 1559 668 1619 modo
691 1560 868 1635 aliquotiens
892 1561 1015 1620 discissa
1039 1582 1100 1621 non

90 1650 253 1722 potuerunt
280 1647 440 1722 offendere,
471 1648 496 1705 si
523 1648 704 1722 archetypus
726 1650 928 1722 pentametros
952 1668 970 1707 a
993 1653 1101 1726 regula

91 1753 152 1794 non
174 1734 311 1794 reductos
334 1735 453 1809 habuit,
480 1735 558 1811 quod
587 1739 655 1793 sunt
685 1755 760 1810 quae
782 1737 908 1811 prodere
931 1737 1099 1798 videantur.

93 1853 134 1864 -
149 1824 229 1882 intra
245 1843 273 1898 p.
285 1815 356 1902 (26)
370 1823 524 1882 Bentleius
543 1843 590 1883 vv.
606 1826 646 1883 66
668 1826 707 1883 66
728 1824 841 1883 deletos
859 1825 988 1900 volebat,
1007 1827 1100 1900 quisi

92 1911 212 1970 facilem
236 1911 472 1970 emendationem
494 1912 618 1986 habent,
646 1912 793 1986 expellere
817 1912 956 1972 videntur
980 1916 1021 1972 63
1049 1916 1099 1974 64.

59 2002 62 2006 ’
180 1999 377 2058 Intervallum
395 2012 445 2058 1111
467 1998 644 2077 paginarum
667 1999 745 2075 quod
769 2003 815 2059 est
836 2001 916 2058 inter
939 2001 1100 2059 secundam

93 2090 124 2146 et
145 2086 267 2146 tertiam
290 2088 434 2162 lacunam,
456 2087 514 2146 nisi
531 2087 656 2162 forte-p.
677 2082 749 2168 (31)
770 2088 975 2163 supplemento
994 2090 1097 2147 termi-

91 2179 194 2233 natam
217 2175 316 2249 habet,
338 2175 489 2252 integrum
511 2175 653 2249 perstitit.

181 2262 353 2321 Proximum
371 2282 430 2337 ap.
447 2257 519 2342 (10)
534 2263 572 2321 ad
586 2281 689 2322 versus
703 2262 735 2321 II
753 2276 794 2322 111
816 2266 855 2322 15
873 2267 912 2323 16
929 2264 1098 2324 aBentleio

93 2351 245 2410 confossos
271 2351 396 2426 paginas
427 2351 555 2427 quinque
584 2352 723 2410 habuisse
751 2352 896 2410 convenit.
949 2351 1098 2412 distichon

92 2438 123 2497 id
145 2438 297 2514 operosius
321 2440 542 2514 scriptumest,
565 2457 655 2515 quam
678 2457 754 2513 quae
777 2458 795 2497 a
818 2439 987 2499 recentibus
1006 2441 1097 2500 inter·

91 2527 277 2602 polatoribus
305 2527 397 2586 animi
426 2545 515 2586 causa
544 2526 575 2585 in
596 2527 730 2604 margine
754 2527 830 2586 adici
854 2528 963 2603 solent3
992 2530 1098 2588 vocula

92 2617 153 2673 Ncc
185 2616 322 2674 lacunam
354 2615 503 2690 expletam
539 2633 604 2672 esse
640 2615 769 2674 indicare
801 2615 926 2674 videtur.
983 2619 1016 2675 at
1047 2636 1097 2693 pa·

93 2703 181 2778 ginae
204 2703 273 2761 illae
297 2692 425 2777 quinque
448 2721 552 2762 versus
570 2703 723 2762 continent
738 2721 803 2763 eurr
821 2723 887 2762 cum
906 2704 1037 2764 debeant
1051 2724 1098 2782 ox,

93 2790 200 2848 desunt
227 2790 286 2848 tria
313 2790 452 2864 disticha,
484 2790 562 2864 quod
590 2791 687 2849 solnm
713 2794 759 2851 est
786 2792 818 2850 in
845 2792 924 2851 omni
954 2794 1010 2852 hac
1041 2795 1097 2853 dis·

91 2877 251 2953 punctione
283 2879 372 2951 pardo
404 2878 525 2954 gravius
553 2879 805 2953 impedimentum.
859 2881 958 2939 locum
989 2885 1099 2954 tamen,

93 2985 150 3043 qno
175 2965 317 3025 excidisse
339 2966 509 3042 videantur,
533 2966 675 3042 dispicere
698 2968 836 3028 fortassis
858 2969 942 3043 licet,
972 2988 1099 3048 eumque

92 3054 180 3128 plane
213 3072 301 3130 quem
332 3054 503 3113 breviorum
529 3056 704 3114 lacunarum
733 3056 876 3131 vidimus,
908 3058 939 3114 in
967 3061 1101 3117 extrema

92 3162 120 3216 p.
137 3135 222 3223 (41):
259 3143 427 3218 neglectum
463 3146 580 3202 mature
623 3147 657 3203 ut
693 3143 810 3219 signum
843 3144 964 3219 aliquod
999 3146 1100 3205 fuerit.

93 3231 175 3302 Ipse,
199 3230 250 3304 qui
272 3229 484 3308 intelligendus
507 3250 535 3289 v.
556 3234 613 3305 31,
638 3232 774 3290 Tiberius
799 3236 857 3308 est,
881 3251 914 3291 ac
937 3236 1039 3307 potest
1056 3235 1101 3293 in·

94 3316 209 3375 dicatus
232 3318 327 3376 videri
353 3319 453 3378 verbis
477 3318 652 3378 Caesareum
668 3322 772 3392 pedem
798 3339 901 3379 versus
930 3323 1102 3398 superioris,

94 3424 182 3479 quem
205 3404 364 3464 admodum
387 3411 433 3465 est
452 3406 532 3466 Fast.
551 3405 579 3462 V
599 3409 672 3481 393,
697 3410 759 3468 396
784 3408 925 3482 Perspicit
945 3441 984 3450 —
1004 3411 1103 3470 Arbit-

91 3493 154 3552 1101
176 3510 294 3568 manus,
322 3495 449 3552 maxime
481 3495 506 3553 si
523 3511 578 3567 pes
600 3494 652 3553 ille
675 3513 834 3571 corporeus
858 3500 888 3554 et
911 3498 1104 3573 aspectabilis
