2386 3892
426 175 471 226 IV.
491 186 528 226 111
543 176 634 226 50-v
652 177 677 227 9.

185 339 227 399 Ne
250 337 345 399 titulis
368 340 525 416 quiequam
550 335 656 398 debeat
678 335 728 397 ille
752 338 831 398 stris.

142 428 269 490 Cernere
293 429 350 487 iam
374 425 475 485 videor
498 427 596 503 rumpi
619 443 711 503 paene
735 427 808 485 atria
833 423 936 504 turba,

184 515 222 575 Et
245 514 385 593 populum
410 513 486 573 laedi
509 513 663 573 deficiente
687 512 770 592 loeo,

141 604 319 682 Templaque
342 601 483 680 Tarpeiae
507 603 635 680 primum
658 599 712 661 tibi
735 601 814 661 sedis
837 600 930 681 adiri,

90 706 126 755 30
184 691 223 752 Et
245 692 310 751 fieri
334 689 433 750 faciles
456 691 487 750 in
511 697 560 749 tua
584 696 649 748 vota
672 688 761 748 deos:

141 780 219 841 Colla
242 778 332 839 boves
356 779 457 837 niveos
480 785 577 837 certae
601 774 744 855 praebere
768 777 883 856 securi,
1000 789 1056 839 tuo>

185 868 266 938 Quos
290 866 361 926 aluit
385 867 494 943 campis
517 863 609 924 herba
631 863 743 924 Falisca
766 866 846 926 suis.

141 956 274 1034 Cumque
298 954 369 1014 deos
393 971 495 1013 omnes
508 999 517 1032 ,
540 962 603 1013 tum
628 970 702 1030 quos
725 953 879 1030 inpensius
902 969 1012 1032 aequos

185 1042 258 1103 Esse
282 1041 336 1102 tibi
360 1043 483 1120 cupias,
507 1058 574 1101 crum
598 1039 665 1099 love
689 1038 796 1100 Caesar
819 1048 924 1101 erunt.

94 1146 127 1193 35
144 1131 232 1193 Curia
255 1139 284 1190 te
309 1132 458 1209 excipiet,
480 1137 639 1207 patresque
663 1146 679 1186 e
702 1145 785 1188 more
808 1130 903 1188 vocati

186 1218 343 1279 intendent
366 1235 453 1277 aures
477 1216 512 1276 ad
536 1224 585 1276 tua
609 1214 698 1275 rerba
720 1233 806 1276 suas.

141 1306 202 1367 llos
225 1305 276 1367 uhi
300 1305 425 1366 facundo
450 1313 499 1365 tua
523 1322 576 1363 vox
600 1302 769 1363 hilaraverit
792 1320 861 1382 ore,

186 1393 282 1472 thue
306 1394 403 1473 solet,
426 1392 528 1453 tulerit
550 1408 693 1470 prospera
716 1389 805 1450 verba
828 1389 910 1468 dies,

142 1483 247 1561 Egeris
270 1491 300 1542 et
322 1484 443 1541 meritas
466 1482 584 1559 superis
607 1497 674 1540 cum
698 1477 822 1539 Caesare
846 1487 961 1558 gratos,
980 1509 1014 1520 -

94 1583 127 1631 40
188 1570 245 1640 Qui
268 1585 407 1649 causam,
431 1569 520 1629 iacias
543 1585 598 1628 cur
620 1570 660 1628 ita
684 1585 793 1646 saepe,
817 1565 897 1626 dabit
914 1597 948 1608 -

142 1657 213 1718 lndo
236 1657 355 1717 domum
379 1667 497 1735 repetes
519 1664 582 1717 toto
606 1657 764 1716 comitante
788 1663 909 1735 senatu,

188 1745 324 1806 Officium
348 1745 450 1824 populi
474 1747 520 1805 vix
545 1745 678 1823 capiente
702 1744 807 1804 domo.

143 1833 189 1894 lle
212 1836 354 1894 miserum
367 1880 376 1913 ,
399 1832 486 1894 turba
509 1832 588 1912 quod
611 1850 670 1893 non
694 1850 748 1911 ego
772 1849 877 1892 cernar
900 1832 931 1891 in
953 1828 1018 1909 illa,

188 1921 248 1982 Nec
272 1931 412 2000 poterunt
435 1923 501 1982 istis
524 1922 633 1982 lumina
657 1929 757 1982 nostra
781 1918 857 1980 lruil

96 2022 129 2070 45
145 2008 310 2079 Quamlibet
333 2009 507 2089 absentem,
531 2027 589 2088 qua
611 2027 756 2090 possum,
778 2015 877 2068 mente
901 2004 1023 2066 ridebo:

188 2100 317 2175 aspiciet
340 2097 438 2158 vultus
461 2097 590 2159 consulis
614 2097 662 2157 illa
686 2099 749 2157 sui.

145 2186 178 2246 lli
202 2187 331 2265 iaciant,
355 2185 452 2263 aliquo
475 2184 578 2246 subeat
601 2183 655 2244 tibi
679 2194 811 2263 tempore
834 2190 969 2243 nostrum

188 2273 322 2354 Nomen,
346 2282 375 2333 et
399 2269 472 2335 ‘beu
488 2269 511 2335 l'
535 2273 616 2333 dicas
639 2268 724 2349 ‘quid
749 2273 838 2332 miser
862 2269 911 2330 ille
935 2263 1044 2329 laoitl'

145 2360 222 2422 llaec
245 2372 295 2422 tua
320 2362 477 2440 pertulerit
499 2363 593 2439 siquis
617 2358 688 2419 mibi
711 2356 821 2434 verba,
844 2355 958 2417 fatebor

98 2463 131 2510 50
189 2449 327 2510 Protinus
350 2450 469 2510 exilium
494 2448 611 2509 mollius
634 2463 699 2507 esse
723 2462 838 2506 meum.

535 2640 577 2713 V.

145 2798 210 2878 lte,
234 2798 312 2859 leves
336 2799 433 2877 elegi,
456 2799 557 2860 doctas
580 2799 614 2859 ad
639 2797 768 2860 consulis
791 2813 896 2878 aures,

190 2885 342 2966 Verbaque
367 2887 509 2949 honorato
532 2888 608 2949 lerte
632 2887 753 2966 legenda
776 2889 856 2948 viro.

145 2973 243 3052 Longa
263 2978 307 3035 via
326 2984 389 3053 est,
413 2994 467 3037 nec
486 2993 537 3036 vos
556 2975 680 3054 pedibus
699 2975 859 3055 proceditis
879 2972 980 3051 aequis
1004 2982 1059 3030 om

189 3061 339 3142 Tectaque
362 3063 489 3124 brumali
511 3064 567 3125 sub
591 3067 657 3126 nive
682 3075 759 3125 terra
783 3064 869 3123 latet.

113 3150 218 3211 5Cum
242 3152 366 3230 gelidam
389 3152 525 3214 Thracen
553 3164 583 3213 et
605 3162 742 3232 opertum
765 3147 893 3212 nubibus
916 3144 1058 3205 Haemum

188 3237 226 3300 Et
250 3242 339 3300 maris
362 3239 435 3300 lonii
459 3244 638 3301 transieritis
661 3256 769 3318 aquas,
1064 3259 1067 3266 ·

144 3325 224 3388 Luce
249 3330 347 3388 miuus
370 3328 482 3389 decima
506 3329 653 3389 dominam
677 3325 801 3386 venietis
824 3323 854 3381 in
877 3319 1004 3402 Urbem,

188 3414 226 3475 Ut
250 3417 420 3476 testinatum
445 3434 503 3477 non
528 3418 640 3477 iaciatis
663 3417 737 3474 iter.

144 3503 285 3563 Protinus
308 3503 376 3564 inde
400 3503 506 3564 domus
528 3503 611 3564 vohis
635 3501 772 3579 Pompeia
796 3506 931 3580 petatur:
