2386 3892
142 185 208 251 204
552 162 600 234 mi
618 182 737 236 rouro

276 348 388 410 Cedere
411 349 560 409 Danuvius
584 365 616 406 se
640 345 715 425 tibi,
738 344 803 406 Nile
816 391 826 426 ,
849 354 954 424 negat.

231 437 322 516 Copia
345 444 389 498 tet
411 436 555 515 laticum,
579 453 652 514 quas
676 442 785 512 auget,
808 432 955 495 adulterat
979 434 1090 518 undas,

184 538 217 588 60
276 525 337 585 Nec
360 527 471 604 patitur
494 526 571 583 vires
596 540 707 600 aequor
729 520 839 581 babere
863 539 948 582 suas.

232 613 309 684 Quin
333 616 443 692 etiam,
467 619 569 690 stagno
593 611 697 671 similis
720 611 880 688 pigraeque
902 609 1023 691 paludi,
1094 624 1149 675 treet

276 699 437 761 Caeruleus
460 702 508 759 vix
532 706 578 760 est
601 696 783 775 diluiturque
807 697 906 757 color.

232 788 347 850 Innatat
370 788 448 850 unda
471 787 547 848 iretc
570 785 687 866 dulcis,
709 785 861 864 leviorque
884 789 998 848 marine
1021 796 1085 870 est,

278 877 358 947 Quae
382 878 536 956 proprium
560 877 651 935 mixte
675 872 711 934 de
735 873 795 934 sele
818 873 935 952 pondus
958 875 1066 936 babet.

185 977 218 1027 ee
234 965 266 1025 Si
288 973 374 1043 roget
396 964 469 1024 baec
492 962 598 1041 aliquis
621 980 675 1023 cur
699 964 758 1022 sint
781 970 899 1022 narrata
920 962 1052 1045 Pedoni,

277 1052 389 1122 Quidve
413 1051 494 1129 loqui
517 1053 606 1111 certis
630 1051 738 1111 iuverit
760 1051 817 1110 ista
839 1047 962 1111 modis?

233 1139 373 1220 Detiuui,
397 1139 514 1218 dicam,
537 1146 654 1216 tempus
678 1155 825 1216 curasque
848 1137 957 1200 fefelli.

278 1227 364 1288 llunc
387 1227 518 1288 fructum
540 1244 682 1306 praesens
705 1225 804 1287 attulit
825 1225 898 1286 bora
920 1226 1012 1288 mibi.

236 1316 373 1377 Aiuimus
396 1316 504 1394 sclito,
526 1313 597 1376 dum
620 1312 779 1375 scribimus
802 1315 879 1394 ista,
903 1313 1023 1396 dolore,

187 1417 219 1466 70
279 1404 311 1464 ln
335 1404 440 1464 mediis
463 1422 519 1464 nec
543 1421 596 1464 ncs
620 1405 768 1462 sensimus
790 1419 857 1462 esse
880 1400 980 1463 Getis.

234 1494 271 1552 Αι
292 1501 347 1574 tu,
371 1511 430 1552 ncn
455 1492 579 1571 dubito,
603 1508 671 1551 cum
693 1490 809 1550 Thesea
832 1491 963 1551 carmine
986 1490 1105 1572 laudes,

278 1581 416 1641 Materiae
439 1579 542 1640 titulos
565 1581 637 1657 quin
660 1587 762 1639 tueare
786 1587 872 1659 tuae,

234 1668 388 1746 Quemque
411 1669 529 1746 refers,
552 1669 668 1728 imitere
687 1668 806 1727 virum.
842 1672 923 1727 vetat
943 1666 994 1728 ille
1017 1668 1146 1749 prolecto

277 1754 441 1833 Tranquilli
464 1756 601 1815 comitem
624 1756 768 1834 temperis
791 1771 857 1815 esse
880 1754 987 1816 fidem.

186 1855 219 1904 aa
245 1843 302 1914 Oui
325 1860 502 1921 quamquam
525 1852 571 1903 est
593 1844 679 1903 lactis
701 1845 806 1921 ingens
829 1849 861 1903 et
881 1842 1021 1906 conditur
1043 1862 1060 1904 a
1083 1854 1110 1906 te

280 1929 330 1991 Vir
352 1939 458 2012 tanto,
480 1939 589 2010 quanto
613 1929 717 1992 debuit
739 1948 791 1990 ore
814 1932 898 2010 cani,

234 2019 288 2079 Est
310 2025 409 2079 mmen
433 2017 541 2079 exilio
565 2017 651 2079 nobis
673 2016 814 2079 imitabile
838 2017 995 2097 quiddam:

278 2106 370 2184 lnque
394 2106 451 2166 lide
475 2106 607 2166 Theseus
630 2105 755 2185 quilibet
777 2123 844 2167 esse
866 2114 982 2183 potest.

233 2193 299 2255 Non
323 2193 376 2254 tibi
400 2202 469 2255 sunt
492 2194 591 2254 hostes
615 2195 696 2255 lerro
720 2193 859 2273 clavaque
882 2194 1037 2276 domandi,

186 2295 220 2344 80
279 2282 336 2342 Per
360 2299 434 2361 quos
458 2285 506 2342 vix
529 2281 582 2342 ulli
604 2284 724 2361 pervius
746 2281 875 2343 lstbmes
897 2290 978 2343 erat:

235 2369 294 2431 Sed
316 2371 510 2450 praestandus
534 2387 616 2431 amer
628 2416 637 2450 ,
661 2388 710 2430 ree
734 2387 793 2430 non
816 2387 941 2449 operosa
963 2369 1089 2433 volenti.

280 2459 352 2530 Quis
375 2457 457 2519 labor
481 2466 527 2519 est
549 2475 653 2536 puram
676 2474 736 2518 ncn
760 2465 920 2520 temerasse
943 2455 1058 2521 fldem?

232 2545 312 2608 llaec
334 2546 411 2628 tibi,
434 2549 486 2626 qui
508 2554 623 2625 perstas
646 2545 843 2607 indeclinatus
866 2548 981 2628 amico,
1092 2559 1141 2608 (ιιι)

279 2635 342 2695 Non
366 2634 513 2713 estquod
537 2634 635 2712 lingua
659 2633 736 2695 dicta
760 2643 903 2712 querente
927 2641 1031 2713 putes.

615 2826 674 2898 XI.

233 2981 348 3064 Gallio,
371 2984 485 3044 crimen
508 2986 566 3045 erit
587 2987 635 3046 vix
658 2983 951 3066 consentiemus,

277 3071 413 3133 Carmine
438 3079 466 3132 ιε
490 3089 597 3133 nomen
621 3091 680 3133 non
704 3072 842 3135 babuisse
865 3091 951 3135 meo.

234 3160 278 3221 Tu
303 3178 421 3239 quoque
445 3162 525 3221 enim
542 3192 578 3204 -
596 3164 715 3222 memini
733 3192 769 3204 —
792 3161 913 3223 caelesti
932 3161 1055 3243 cuspide
1072 3161 1139 3222 lacta

278 3247 389 3309 Fecisti
412 3249 540 3309 lacrimis
564 3247 685 3309 vulnera
709 3257 810 3309 nostra
832 3251 910 3311 tuis.

202 3335 328 3413 eritque
352 3339 465 3397 utinam
489 3339 565 3416 rapti
588 3338 700 3397 iactura
724 3336 821 3398 laesus
845 3338 931 3400 amici

277 3423 426 3484 Sensisses
449 3424 549 3503 ultra,
573 3425 652 3503 quod
676 3441 859 3505 quererere,
883 3423 973 3487 nibill

231 3508 296 3568 Non
319 3512 360 3570 ite
383 3511 428 3572 dis
450 3512 581 3592 placuit,
605 3514 710 3591 quite
733 3512 859 3591 spoliare
883 3512 990 3593 pudica
