2386 3892
467 192 512 243 IV.
532 193 679 244 asa-3⁵4.
1006 187 1070 252 293

157 352 355 434 “800011010,
379 354 475 434 alma,
499 363 588 430 tuae,
611 355 745 430 genetrix
770 353 895 413 secunda
918 352 1058 434 deorum,

89 458 141 505 320
202 445 309 523 Accipe
333 441 387 502 sub
412 450 492 502 certa
516 441 687 501 condicione
712 459 834 519 preces.

158 531 243 591 Casta
267 548 379 607 negor.
421 533 446 589 si
470 539 501 590 tu
526 529 668 607 damnas,
692 531 837 589 meruisse
861 529 993 608 fatebor,

201 618 295 678 Morte
319 617 396 677 luam
419 634 529 696 poenas
553 617 649 676 iudice
674 618 749 676 victa
773 617 843 677 dea.

160 706 217 766 Sed
241 708 266 766 si
289 708 402 764 crimen
426 702 529 783 abest,
553 711 585 763 tu
609 712 727 764 nostrae
750 706 874 782 pignora
897 707 971 765 01100

203 793 245 853 Re
270 792 373 867 dabis,
397 799 427 852 et
450 801 545 852 castas
569 799 648 851 casta
671 810 796 871 sequere
820 787 972 852 manus.''

93 881 260 959 3051111011,
284 887 314 939 et
337 882 442 957 exigno
467 880 567 939 sunem
591 882 743 939 conamine
768 882 872 941 traxit.

204 966 298 1046 Mira,
322 968 375 1027 sed
398 976 428 1028 et
451 985 556 1027 scaena
579 968 733 1028 testificata
756 966 877 1046 loquar:

159 1055 236 1115 Mota
260 1055 315 1115 dea
338 1062 405 1134 est,
429 1057 622 1133 sequiturque
646 1055 773 1134 ducem,
797 1054 953 1134 laudatque

207 1149 210 1153 ·
705 1143 873 1221 sequendo.

204 1230 295 1290 lndex
318 1230 445 1290 laetitiae
470 1230 565 1290 fertur
588 1233 618 1289 10
641 1238 719 1289 00100
742 1248 850 1290 00000.

161 1317 303 1378 Fluminis
327 1318 362 1377 ad
386 1318 495 1378 ilerum
517 1319 660 1396 veniunt,
683 1350 719 1359 -
741 1317 879 1377 Tiberina
903 1321 1018 1398 priores

94 1420 145 1467 330
205 1406 285 1466 Atria
310 1405 448 1466 dixerunt
472 1438 504 1446 -
528 1405 607 1465 unde
631 1407 751 1465 sinister
773 1405 850 1466 abit.

161 1493 224 1552 Nox
247 1493 368 1553 aderat.
412 1510 524 1571 querno
548 1492 673 1570 religant
695 1510 711 1553 a
735 1494 835 1572 stipite
858 1494 976 1575 tarnem,
999 1557 1003 1564 ,

206 1580 339 1658 11001000
363 1580 419 1640 levi
443 1598 545 1640 somno
570 1598 694 1658 corpora
717 1580 818 1640 100010
841 1581 925 1642 cibo.

161 1668 224 1728 Lux
249 1668 369 1728 aderat:
404 1686 516 1746 querno
541 1667 657 1728 solvunt
680 1687 697 1728 a
720 1670 819 1747 stipite
844 1669 961 1750 sunem,
1011 1729 1013 1733 ,

205 1757 278 1815 Ante
303 1763 399 1816 tamen
423 1758 519 1834 posito
544 1764 610 1816 tura
632 1755 740 1816 dedere
763 1757 845 1817 ioco.

94 1856 146 1903 335
163 1845 236 1901 Ante
260 1854 427 1904 coronatam
450 1862 579 1923 puppem
603 1847 666 1904 sine
689 1842 753 1904 labe
777 1847 929 1905 iuvencam

206 1930 370 1991 blactarunt
392 1949 515 2009 operum
539 1934 726 2011 coniugiique
751 1931 872 1993 rudem.

164 2017 217 2078 Est
240 2019 344 2098 locus,
367 2021 397 2078 in
421 2018 552 2079 Tiberim
577 2039 633 2099 qua
657 2020 789 2081 lubricus
813 2022 909 2081 inlinit
930 2021 1014 2082 Almo

205 2105 242 2165 Et
266 2125 372 2166 nomen
396 2124 500 2185 magno
523 2107 622 2186 perdit
644 2107 680 2168 ab
704 2127 788 2169 amne
813 2112 924 2169 minor.

162 2193 223 2252 Illic
247 2211 396 2270 purpurea
420 2213 511 2254 canus
534 2213 602 2254 cum
625 2203 705 2255 veste
730 2196 866 2256 sacerdos

94 2294 146 2341 340
207 2281 337 2341 Almonis
360 2283 507 2342 dominam
531 2299 672 2358 sacraque
695 2280 764 2341 lavit
787 2286 887 2360 aquis,

162 2368 319 2428 Exululant
343 2372 465 2429 comites
478 2415 487 2449 ,
511 2370 679 2446 furiosaque
703 2369 773 2428 tibia
796 2368 901 2448 tiator,

205 2457 241 2517 Et
266 2458 377 2515 feriunt
399 2456 501 2517 molles
526 2465 626 2517 taurea
649 2463 731 2535 terga
754 2473 874 2516 manns.

163 2543 282 2604 Claudia
305 2544 477 2622 praecedt,
500 2545 575 2606 laeto
600 2543 790 2605 celeberrima
813 2544 916 2622 volgo,

207 2630 324 2691 Credita
349 2633 394 2690 vix
419 2630 534 2692 tandem
558 2639 634 2693 teste
657 2632 764 2710 pudica
787 2630 858 2711 dea;

94 2719 227 2797 3401000
251 2720 358 2779 sedens
381 2719 513 2798 plaustro
536 2729 620 2799 porta
644 2728 690 2780 est
711 2721 826 2780 invecta
850 2717 982 2801 Capena:

208 2807 393 2884 sparguntur
416 2809 533 2868 iunctae
557 2808 628 2868 tiore
652 2814 773 2868 recente
795 2807 901 2870 boves.

162 2894 265 2954 Nasica
289 2898 423 2974 accepit.
465 2894 567 2973 templi
590 2913 649 2955 000
672 2898 802 2974 perstitit
825 2905 944 2958 auctor:

205 2983 355 3061 Augustus
379 3001 458 3043 nunc
482 2990 548 3063 est,
572 2991 638 3044 ante
662 2983 796 3045 Metellus
820 2978 916 3044 erat.'

162 3069 301 3131 Substitit
323 3071 371 3130 hic
394 3070 506 3132 Erato.
548 3090 630 3132 mora
653 3072 707 3152 111,
730 3075 756 3133 01
779 3081 877 3132 cetera
901 3086 1058 3147 quaeram.

94 3169 145 3218 350
206 3153 273 3217 ‘llic
287 3153 311 3235 ‚'
335 3161 454 3237 inquam
478 3154 581 3237 ‘parva
605 3177 659 3220 cur
682 3161 757 3237 stipe
782 3165 903 3235 quaerat
926 3152 1029 3235 opes.'

155 3241 309 3305 .‘Contulit
332 3264 381 3306 aes
404 3245 531 3325 populus
544 3292 553 3327 ,
577 3246 613 3306 de
636 3263 696 3324 quo
719 3243 841 3304 delubra
864 3242 998 3304 Metellus

205 3332 288 3392 Fecit
302 3329 324 3412 3'
350 3337 390 3394 011
413 3330 541 3394 ‘dandae
565 3350 628 3393 mos
651 3334 736 3410 stipis
758 3330 827 3391 inde
851 3326 982 3391 manet.'

162 3420 221 3481 Cur
246 3420 360 3480 vicibus
383 3422 468 3482 sactis
491 3423 591 3480 ineant
614 3421 766 3499 convivia,
789 3436 917 3497 quaero,

205 3508 288 3567 Tune
312 3510 426 3588 magis,
449 3506 574 3568 indictas
598 3505 864 3588 concelebrentque
888 3507 995 3588 dapes.
