2386 3892
155 169 219 233 322
562 167 754 219 1111011011
778 179 785 187 -

461 328 490 391 3.
515 326 846 408 [Cilurnum-cre]

244 437 336 497 Nocte
360 439 457 497 minus
481 446 584 514 quarta
608 443 725 514 promet
747 453 800 495 sua
823 434 919 495 sidera
942 435 1051 497 Chiron

176 538 227 587 380
287 526 412 584 Semivir
436 532 466 584 et
488 524 555 584 ilari
579 541 704 602 corpore
727 525 837 584 mixtus
860 525 948 602 equi.

242 613 345 673 Pelion
369 612 545 672 Haemoniae
571 629 655 671 mons
678 620 724 672 est
746 611 889 671 obversus
911 613 943 672 iu
966 620 1096 675 austros:

288 702 407 760 Summa
431 703 528 761 virent
550 703 644 778 pinu,
668 706 769 759 cetera
791 717 920 779 quercus
943 698 1047 762 hahet.

241 789 417 868 Phillyrides
441 790 557 849 tenuit.
600 805 669 847 saxo
693 796 772 848 stant
794 795 1034 869 entraretusto,

288 877 369 946 Quae
393 880 503 937 iustum
529 884 691 936 memorant
713 875 874 936 incoluisse
898 892 1016 937 senem.

178 964 295 1026 3801111
319 983 423 1024 manus
446 965 514 1024 olim
539 966 680 1023 missuras
703 962 912 1024 Η1010111110

289 1052 426 1112 Creditur
449 1054 480 1111 in
503 1052 603 1130 lyricis
626 1051 788 1112 detinuisse
812 1050 924 1111 modis.

242 1139 369 1200 Venerat
391 1139 508 1200 Alcides
531 1139 671 1199 exhausta
694 1149 777 1218 parte
801 1139 954 1220 laborum,

287 1227 428 1306 iussaque
452 1226 602 1288 restabant
624 1225 726 1287 ultima
749 1245 842 1306 01101
866 1229 947 1287 viro.
1048 1272 1051 1276 .

245 1316 329 1375 Stare
354 1315 441 1376 simul
464 1333 535 1376 casu
559 1314 664 1374 Troiae
687 1315 747 1376 duo
770 1316 827 1376 iata
851 1314 985 1376 rideres:

179 1416 229 1464 300
290 1404 363 1463 Hinc
387 1422 462 1482 puer
485 1403 626 1463 Aeacides
639 1449 648 1482 ,
670 1403 739 1463 hinc
763 1401 829 1462 love
853 1410 939 1464 natus
962 1411 1041 1463 1111.

243 1492 360 1570 Excipit
382 1491 511 1569 hospitio
534 1493 668 1551 iunctum
692 1489 857 1569 Philyreius
880 1491 987 1571 heros,

288 1579 325 1639 Et
349 1598 466 1639 causam
490 1579 632 1640 adventus
655 1578 702 1638 hic
726 1586 831 1658 rogat,
853 1577 902 1638 ille
926 1578 1030 1640 docet.

243 1667 389 1745 Perspicit
410 1669 524 1728 interea
547 1666 656 1727 clavam
680 1665 865 1745 spoliumque
888 1666 999 1746 leonis,
1097 1677 1143 1730 (1111

289 1751 429 1834 ‘Vir’que
453 1757 495 1815 ait
518 1751 579 1814 ‘his
602 1756 692 1814 armis
705 1802 714 1834 ‚
737 1771 875 1832 armaque
898 1753 986 1832 digna
1009 1749 1100 1815 viroi'

179 1854 229 1902 395
244 1841 304 1902 Nec
329 1861 382 1922 se,
406 1845 477 1920 quin
501 1843 625 1902 horrens
649 1841 792 1903 auderent
815 1849 936 1920 tangere
959 1843 1048 1903 saetis

287 1929 408 2009 Vellera,
432 1929 578 1991 Achilleae
603 1933 776 1990 continuere
799 1947 920 1992 manus.

244 2017 378 2096 Dumque
403 2036 492 2078 senex
516 2026 621 2079 tractat
644 2017 807 2095 squalentia
830 2016 888 2078 tela
911 2019 1048 2096 venenis,

288 2105 405 2164 Excidit
428 2115 458 2165 11
480 2104 561 2165 laevo
584 2107 639 2165 lxxa
663 2108 766 2184 sagitta
790 2105 865 2183 pede
889 2111 951 2166 est.

246 2191 390 2269 ingemuit
413 2191 544 2273 Chiron,
568 2195 716 2270 traxitque
739 2211 755 2252 e
779 2210 903 2271 corpore
927 2194 1057 2254 serrum:

179 2292 231 2339 400
290 2279 327 2339 Et
350 2280 579 2365 gemit'Alcides
603 2279 840 2359 Haemoniusque
863 2298 956 2359 puer.

245 2366 310 2445 ipsc
334 2377 431 2428 tarnen
455 2368 545 2429 lectas
568 2369 722 2447 Pagasaeis
745 2367 870 2429 collibus
892 2367 1000 2429 herhas

289 2455 446 2536 Temperat
458 2503 467 2535 ‚
492 2467 521 2516 et
543 2475 615 2516 vana
638 2456 758 2516 volnera
780 2455 890 2516 mulcet
913 2473 986 2535 ope.

244 2544 331 2603 Virus
355 2545 427 2604 edax
451 2544 608 2623 superabat
631 2562 739 2624 opem,
762 2546 939 2623 penitusque
962 2551 1081 2624 recepta

289 2631 413 2692 Ossibus
437 2640 467 2692 et
490 2640 551 2693 toto
575 2649 699 2709 corpore
722 2634 815 2711 pestis
838 2639 918 2692 erat.

180 2720 393 2796 consanguine
418 2720 557 2781 Centauri
580 2719 728 2780 Lernaeae
752 2722 871 2798 sanguis
894 2719 1036 2780 echidnae

289 2807 396 2867 Mixtus
420 2808 455 2867 ad
479 2809 618 2869 auxilium
642 2816 773 2887 tempora
797 2806 875 2869 nulla
899 2806 1005 2868 dabat.

246 2893 368 2973 Stabat,
391 2903 425 2955 ut
447 2904 514 2955 ante
538 2908 673 2975 patrem,
700 2897 828 2956 lacrimis
853 2896 994 2974 perinsus
1016 2892 1145 2957 AchiHes.

290 2983 339 3042 Sic
362 2982 477 3042 llendus
500 2983 629 3064 Peleus,
652 2987 677 3043 si
700 2991 889 3063 moreretur,
912 2991 995 3045 erat.

247 3072 338 3148 Saepe
362 3089 466 3130 manus
490 3089 591 3149 aegras
615 3072 748 3132 manibus
772 3070 899 3150 lingebat
923 3073 1043 3133 amicis:
1066 3103 1097 3115 -

180 3172 231 3219 410
290 3159 426 3238 Horum,
451 3178 526 3237 quos
550 3161 619 3220 lecit
632 3209 640 3240 ,
664 3162 792 3239 01111111
816 3159 920 3219 doctor
942 3159 1033 3220 hahet
1056 3191 1088 3202 -

246 3247 352 3306 Oscula
377 3266 463 3326 saepe
487 3248 589 3329 dedit,
613 3248 686 3309 dixit
709 3266 826 3328 quoque
850 3266 938 3326 saepe
961 3248 1071 3309 iacenti

290 3331 398 3415 ‘Vive,
421 3354 549 3415 011001,
573 3354 628 3397 110
652 3355 720 3416 me,
744 3354 833 3414 care,
860 3335 1020 3417 relinque,
1042 3323 1147 3417 peterl'

246 3420 326 3481 Nona
350 3423 414 3483 dies
438 3424 538 3484 aderat
551 3471 559 3504 ‚
583 3443 651 3485 cum
674 3434 729 3504 tu,
752 3425 912 3484 iustissime
936 3422 1067 3504 Chiron,

290 3509 338 3568 Bis
363 3521 475 3589 septem
500 3512 592 3573 stellis
616 3531 740 3591 corpora
763 3515 877 3572 cinctus
901 3530 986 3573 eras.
