2386 3892
141 160 203 224 118
300 216 303 221 ἕ
543 173 545 178 ’
585 159 696 215 IBIDIS

162 338 214 389 540
275 324 363 386 Orbis
385 328 416 386 in
439 326 604 385 innumeris
626 326 777 386 inveniare
799 323 903 402 locis]

227 414 319 492 lnque
344 416 403 474 tuis
427 414 547 493 opifex,
570 415 628 472 vati
652 413 731 491 quod
754 414 825 473 fecit
848 413 984 493 Achaeo,

271 501 364 561 Noxia
385 500 546 561 luminibus
570 500 682 579 spicula
705 499 813 562 condat
834 503 917 580 apis.

229 587 332 666 [Fixus
356 591 438 649 etin
462 588 545 649 duris
569 591 698 667 carparis
722 591 836 649 viscera
858 591 936 650 saxis
947 635 958 670 ,

272 677 310 738 Ut
332 679 383 742 cui
404 676 515 755 Pyrrha
538 678 586 736 sni
609 675 668 736 tilia
690 676 790 737 fratris
814 675 908 753 erat]

161 777 213 827 545
228 765 266 825 Ut
288 783 364 844 puer
387 763 568 843 Harpagides
591 765 704 824 referas
728 763 861 842 exempla
883 763 1050 845 Thyestae,

270 852 364 931 Inque
387 854 432 914 tui
455 870 559 913 caesus
582 853 696 911 viscera
718 853 811 931 patris
834 870 904 913 eas.

228 941 346 1002 Trunca
369 958 454 1019 geras
478 957 564 1000 saevo
587 939 729 1000 multlatis
752 939 887 1019 partibus
911 958 1000 1022 ense,

165 1060 201 1070 -
272 1027 374 1098 Qualia
397 1027 557 1088 Mamertae
579 1027 712 1088 membra
735 1028 826 1088 luisse
851 1030 969 1091 ferunt.

228 1116 325 1195 thue
350 1115 503 1194 Syracosio
526 1118 702 1194 praestricta
725 1116 809 1177 fauce
832 1123 956 1196 poetae,

161 1215 213 1265 550
273 1203 323 1264 Sic
345 1206 458 1264 animae
480 1203 586 1282 laqueo
610 1205 649 1264 sit
672 1206 716 1263 via
739 1203 838 1264 clausa
861 1211 947 1265 tuae.

226 1291 346 1352 Nudave
371 1292 491 1371 derepta
514 1299 633 1370 pateant
655 1299 705 1352 tua
729 1293 843 1352 viscera
865 1291 963 1371 peMe,

270 1379 309 1440 Ut
331 1379 492 1460 Phrygium
515 1381 600 1439 euius
623 1381 741 1439 nomina
764 1379 875 1440 flumen
897 1379 1003 1441 habet.

227 1467 368 1528 Saxificae
391 1468 489 1528 videas
512 1467 614 1528 infelix
638 1484 690 1528 ora
713 1466 871 1548 Medusae,

271 1555 443 1635 Cephenum
466 1555 574 1616 multos
598 1573 673 1633 quae
697 1555 778 1615 dedit
800 1574 859 1617 una
881 1558 965 1618 neci.

161 1654 211 1703 555
226 1643 402 1703 Potniadum
425 1660 542 1703 morsus
566 1643 695 1722 subeas,
718 1651 752 1704 ut
774 1641 925 1724 Glaucus,
949 1660 1115 1723 equarum,

271 1729 377 1809 [lnque
400 1733 489 1790 maris
513 1731 621 1810 salias,
645 1730 773 1791 Glaucus
796 1741 830 1793 ut
852 1731 948 1812 alter,
972 1749 1064 1810 aquas
1075 1731 1097 1809 .]
1129 1741 1140 1761 ⁶

228 1817 338 1897 [thue
358 1817 473 1879 duobus
496 1819 575 1878 idem
594 1819 680 1880 dictis
698 1819 785 1879 modo
804 1836 912 1880 nomen
930 1819 1071 1901 habenti,
1106 1832 1148 1882 00

269 1906 445 1967 Praefocent
467 1908 581 1967 animae
604 1909 690 1967 noxia
713 1906 928 1984 mahadam]

228 1993 418 2071 Sollicitoque
442 1994 546 2074 bibas,
570 1996 657 2073 Anyti
679 1995 868 2057 doctissimus
891 1994 962 2056 olim

161 2093 212 2142 500
271 2081 478 2160 lnperturbato
502 2083 580 2160 quod
604 2082 678 2143 bibit
701 2101 753 2144 ore
776 2101 864 2145 reus.
920 2116 922 2122 v

225 2168 286 2229 Nec
309 2168 364 2230 tibi
377 2217 386 2250 ,
409 2169 506 2248 siquid
530 2188 609 2230 amas
622 2217 631 2250 ,
655 2170 770 2232 felicius
793 2170 943 2234 Haemone
967 2171 1072 2234 cedat:

270 2255 366 2334 thue
391 2275 443 2318 sua
466 2256 639 2333 Macareus,
663 2261 706 2319 sic
729 2261 842 2338 potiare
866 2268 933 2321 tua.

225 2343 278 2404 Vel
300 2345 421 2420 videas,
445 2345 523 2424 quod
542 2348 600 2405 iam
618 2364 686 2406 cum
705 2346 838 2407 flammae
861 2356 968 2409 cuncta
991 2356 1147 2428 tenerent,

269 2432 433 2494 Hectoreus
457 2436 551 2512 patria
573 2434 646 2494 vidit
668 2434 704 2494 ab
727 2452 795 2496 arce
818 2453 912 2514 puer.

159 2533 210 2582 555
226 2521 374 2599 Sanguine
397 2520 506 2601 probra
529 2522 615 2601 luas,
638 2529 672 2582 ut
695 2540 748 2582 aro
772 2526 906 2600 genitore
930 2532 1068 2605 creatus,

267 2609 325 2669 Per
347 2611 462 2671 facinus
485 2628 571 2670 soror
594 2618 640 2670 est
663 2613 713 2670 cni
735 2628 788 2671 sua
811 2611 887 2672 facta
909 2629 1035 2691 parens.

225 2695 349 2757 Ossibus
371 2701 462 2777 inque
485 2700 545 2758 tuis
568 2697 619 2758 teli
642 2716 737 2776 genus
754 2694 879 2759 haereat
901 2699 993 2780 illud,

269 2783 408 2844 Traditur
431 2784 517 2845 Icarii
540 2803 598 2863 quo
623 2787 765 2847 cecidisse
788 2804 898 2865 gener.

225 2870 322 2949 thue
343 2871 451 2952 loquax
473 2875 504 2931 in
528 2890 605 2951 equo
628 2882 674 2934 est
697 2875 802 2935 elisum
825 2883 929 2952 guttur
952 2892 1081 2957 acerno,

158 2971 210 3020 510
279 2958 328 3018 Sic
351 2958 405 3019 tibi
428 2959 581 3020 claudatur
604 2961 710 3040 pollice
733 2964 813 3021 vocis
836 2965 911 3024 iter.

223 3048 282 3107 hut
304 3054 339 3108 ut
360 3047 573 3129 Anaxarchus,
595 3050 653 3128 pila
676 3050 818 3110 minuaris
840 3052 871 3110 in
894 3051 969 3132 alta,

267 3134 387 3213 lotaque
411 3153 465 3214 pro
489 3136 582 3196 solitis
605 3136 740 3216 frugibus
764 3155 830 3198 ossa
854 3146 977 3199 sonent.

224 3222 324 3302 thue
343 3232 458 3302 patrem
477 3223 664 3303 Psamathes,
689 3224 797 3285 condat
819 3236 849 3287 10
867 3226 1006 3287 Phoebus
1028 3227 1060 3286 in
1084 3228 1140 3286 ima

266 3311 411 3392 Tartara,
436 3312 513 3391 quod
539 3320 623 3372 natae
647 3313 759 3373 fecerat
781 3312 830 3373 ille
853 3332 944 3377 suae.

157 3397 317 3477 57510000
341 3409 409 3460 tuos
432 3419 466 3460 ea
488 3403 581 3478 pestis
605 3408 652 3460 eat
664 3447 673 3480 ,
697 3418 786 3479 quam
808 3401 911 3462 dextra
935 3400 1061 3463 Coroebi

267 3484 366 3568 Vicit,
389 3505 474 3566 opem
497 3489 614 3547 miseris
636 3487 844 3566 Argolisinque
867 3489 950 3551 tulit.
