2386 3892
91 183 156 246 306
499 180 691 232 7777777777

224 346 262 407 llt
283 347 397 407 valeant
420 345 543 425 vigiles,
567 344 691 423 provida
711 342 798 404 turba
810 389 819 423 ,
844 360 951 405 canes.

115 448 164 496 777
179 434 257 495 Neve
281 437 379 496 minus
403 433 511 494 multos
535 432 687 511 redigam,
711 450 797 511 quam
816 436 907 493 'mana
930 433 1069 513 luerunt,
1101 469 1107 475 ,

224 521 302 582 Neve
324 540 440 600 gemam
463 522 597 581 referens
619 520 727 581 vellera
749 527 832 598 rapta
854 519 945 600 lupo.

181 610 264 670 Absit
286 611 387 688 iniqua
410 611 524 670 fames:
556 608 665 670 herbae
688 608 869 686 frondesque
894 611 1059 688 supersint,

225 697 365 776 Quaeque
389 697 486 757 lavent
509 704 591 758 artus
604 744 613 778 ,
642 714 776 775 quaeque
799 693 962 778 bibantur,
987 713 1075 776 aquae

181 785 277 846 Ubera
300 787 386 864 plena
408 803 562 864 premam,
586 785 696 845 reserat
717 783 791 844 mihi
814 801 919 845 caseus
942 802 1026 864 aera,

116 888 167 936 770
226 874 360 953 Demque
383 876 458 933 viam
481 872 591 952 liquido
615 874 722 933 vimina
745 889 811 932 rara
835 889 920 932 sero.

182 963 285 1041 Sitque
309 961 387 1021 salax
411 963 509 1041 77777,
533 971 734 1040 conceptaque
758 961 870 1021 semina
894 963 1020 1021 coniunx

224 1050 359 1129 Reddat,
382 1057 412 1109 et
435 1051 466 1108 777
489 1048 604 1109 stabulo
628 1048 718 1109 molta
743 1049 782 1109 sit
804 1066 878 1126 agna
901 1065 983 1108 meo.

182 1138 320 1215 Lanaque
344 1139 495 1214 proveniat
518 1137 612 1196 nullas
635 1135 751 1207 laesura
773 1135 904 1214 puellas,

224 1224 319 1284 lllollis
342 1231 373 1284 et
396 1224 431 1285 ad
454 1232 572 1284 teneras
595 1223 757 1305 quamlibet
779 1231 846 1302 apta
868 1240 990 1284 manus.

116 1327 166 1375 777
182 1313 262 1383 Quae
287 1331 415 1393 precor,
439 1314 596 1393 eveniant,
624 1319 653 1373 77
679 1330 734 1373 nos
763 1313 906 1372 iaciamus
929 1312 966 1371 ad
988 1328 1085 1371 anuum

225 1401 381 1461 Pastorum
404 1400 539 1461 dominae
563 1399 683 1478 grandia
705 1398 765 1460 liba
788 1399 849 1459 Pali
862 1393 886 1461 .'

182 1489 234 1548 llis
258 1488 312 1548 dea
335 1487 474 1566 placanda
498 1494 565 1548 est:
595 1488 667 1548 haec
691 1495 723 1548 tu
748 1495 909 1548 conversus
933 1486 969 1547 ad
992 1496 1069 1547 ortus

226 1576 278 1636 llic
302 1585 407 1654 quater
419 1624 428 1656 ‚
452 1583 482 1636 et
504 1578 567 1636 vivo
591 1575 692 1655 perlue
715 1593 784 1635 rore
807 1592 929 1636 manus.

183 1663 258 1723 Tum
282 1664 350 1724 licet
373 1664 521 1743 adposita,
545 1663 635 1724 veluti
658 1670 792 1743 7777777,
820 1662 941 1723 camella

118 1765 168 1813 780
227 1750 285 1810 lac
306 1753 426 1811 niveum
449 1760 534 1829 potes
556 1768 796 1830 purpureamque
820 1768 940 1829 sapam:

182 1838 307 1916 Moxque
330 1856 384 1916 per
407 1839 543 1899 ardentes
567 1839 692 1918 stipulae
715 1839 888 1918 crepitantis
912 1855 1031 1901 7777777

227 1925 357 1985 Τ7777777
381 1925 472 1986 777777
495 1935 616 1986 strenua
639 1925 770 1987 membra
793 1925 886 2003 pede.

182 2013 341 2091 Expositus
365 2031 429 2072 mos
453 2022 519 2073 est.
561 2017 652 2075 moris
675 2014 747 2074 mihi
770 2019 864 2074 restat
887 2016 988 2093 origo.

226 2101 325 2161 Turba
347 2101 417 2161 lacit
439 2101 584 2182 dubium,
609 2109 771 2182 coeptaque
795 2108 896 2162 nostra
920 2109 1017 2163 tonet.

117 2202 167 2251 787
183 2188 287 2249 Omnia
310 2197 416 2267 purgat
440 2189 512 2249 edax
535 2192 633 2269 ignis,
657 2192 818 2268 vitiumque
842 2189 968 2250 metallis

225 2276 393 2356 Excoquit:
425 2277 537 2337 idcirco
561 2295 628 2338 cum
651 2276 726 2338 duce
750 2273 970 2356 purgatoris?

182 2366 248 2447 An,
272 2368 340 2443 quia
364 2373 537 2426 cunctarum
562 2367 709 2426 contraria
732 2366 844 2426 semina
867 2380 971 2426 rorum

228 2454 304 2513 Sunt
326 2454 385 2514 duo
409 2453 581 2532 discordes,
604 2455 681 2532 ignis
705 2460 734 2514 et
757 2452 856 2534 unda,
880 2452 946 2534 dei,

183 2541 347 2602 iunxerunt
370 2541 515 2601 elementa
537 2548 659 2622 patres,
685 2550 845 2620 aptumque
868 2550 1014 2620 putarunt

119 2642 169 2690 777
227 2629 348 2707 ignibus
372 2638 401 2689 et
425 2647 525 2707 sparsa
548 2636 668 2706 tangere
693 2647 802 2709 corpus
825 2625 929 2708 aqua?

184 2716 247 2793 An,
272 2717 350 2794 quod
373 2720 403 2777 in
422 2716 468 2777 his
487 2719 563 2777 vitae
583 2734 670 2777 causa
689 2725 754 2796 777,
778 2716 851 2778 haec
870 2717 1001 2795 perdidit
1018 2712 1082 2792 77771,

228 2803 280 2862 Η77
305 2823 378 2864 nova
401 2805 433 2865 lit
457 2807 585 2866 coniunx
598 2852 607 2885 ,
630 2805 703 2865 haec
726 2804 785 2865 duo
808 2822 914 2883 magna
937 2800 1059 2885 putant?

183 2889 236 2950 Vix
261 2891 397 2969 equidem
421 2893 532 2973 credo;
551 2900 625 2967 =sunt
648 2895 700 2972 qui
722 2891 907 2954 Phaethonta
930 2894 1035 2955 7777777

229 2978 356 3040 Credant
380 2986 410 3038 77
433 2982 537 3040 nimias
560 2980 746 3041 Deucalionis
769 2997 878 3059 aquas.

119 3081 169 3128 777
184 3069 256 3128 Ρ777
280 3085 421 3146 quoque,
445 3085 512 3127 cum
537 3070 614 3128 saris
637 3076 771 3147 pastores
794 3086 864 3130 saxa
887 3066 1031 3150 feritam,

230 3155 392 3216 Scintillam
416 3153 512 3215 subito
536 3156 709 3234 prosiluisse
732 3156 851 3218 lerunt:

184 3243 281 3304 Prima
306 3244 425 3322 quidem
447 3245 557 3323 periit,
582 3244 699 3321 stipulis
722 3251 845 3324 excepta
868 3247 1001 3307 secunda
1022 3248 1073 3304 est.

229 3331 291 3391 Hoc
315 3340 521 3409 argumentum
544 3331 659 3391 [lamma
682 3331 787 3393 Parilis
809 3329 928 3395 habet?

185 3417 229 3477 An
253 3421 344 3496 magis
367 3419 447 3479 huno
470 3436 583 3479 morem
606 3421 699 3498 pietas
722 3419 832 3481 Aeneia
856 3421 947 3503 iecit,

120 3516 171 3564 800
230 3504 393 3566 Innocuum
416 3509 493 3566 victo
518 3509 566 3566 cui
590 3506 670 3567 dedit
692 3508 769 3585 ignis
792 3504 877 3569 iter?
