2386 3892
92 190 136 255 50
511 188 684 240 rrusrruu

180 354 299 415 Certius
322 370 339 413 a
362 369 476 413 summa
498 368 605 411 nomen
629 350 739 412 habere
761 369 869 413 manu.

180 443 266 503 Nunc
289 443 490 501 incorrectum
513 439 615 518 populi
638 441 773 518 pervenit
794 442 825 500 in
849 458 919 520 ora,

181 531 215 590 ln
238 529 340 608 populi
364 531 522 607 quicquam
545 529 571 588 si
594 534 693 587 tamen
716 545 767 587 ore
790 530 850 588 mei
873 534 938 591 est.

133 630 166 679 25
182 617 244 678 Hoc
268 635 385 697 quoque
409 619 511 676 nescio
536 614 606 693 quid
630 617 741 676 nostris
764 632 878 695 appone
901 614 1028 697 libellis,

181 705 303 766 Diverso
328 707 452 766 missum
476 703 555 782 quod
578 702 634 764 tibi
656 703 692 764 ab
716 702 788 764 orbe
810 705 908 765 venit.

183 793 267 863 Quod
295 795 475 872 quicumque
503 791 603 872 leget,
629 823 667 834 -
698 793 725 852 si
751 793 817 869 quis
845 790 987 870 leget-
1018 795 1105 854 aesti-

605 886 780 958 metante,

185 969 387 1047 compositum
411 985 469 1046 quo
494 969 532 1028 sit
554 976 688 1046 tempore
712 984 829 1046 quoque
852 966 936 1030 loco.

182 1057 303 1134 Aequus
327 1058 384 1117 erit
408 1057 550 1134 scriptis,
573 1072 700 1133 quorum
724 1057 896 1135 cognoverit
918 1073 985 1118 esse

135 1156 169 1205 30
183 1143 312 1205 Exilium
335 1154 452 1222 tempus
475 1141 700 1222 barbariamque
723 1142 839 1205 locum:

183 1233 276 1310 Inque
300 1239 345 1292 tot
367 1231 499 1292 adversis
523 1249 641 1291 carmen
665 1231 821 1293 mirabitur
844 1230 939 1293 ullum

183 1320 298 1381 Ducere
323 1338 370 1380 me
393 1321 473 1380 tristi
496 1321 675 1380 sustinuisse
698 1337 804 1380 mauu.

184 1409 340 1487 Ingenium
362 1408 478 1486 fregere
501 1425 601 1467 meum
625 1406 718 1487 mala,
741 1409 828 1468 cuius
845 1413 876 1468 et
898 1414 968 1470 ante

182 1496 261 1557 Fons
283 1495 461 1556 infecundus
482 1512 631 1574 parvaque
655 1512 728 1554 vena
751 1495 824 1555 luit.

135 1595 169 1644 35
186 1583 245 1644 Sed
269 1600 472 1661 quaecumque
495 1583 575 1661 luit,
597 1581 678 1643 nullo
702 1589 860 1643 exercente
883 1583 1013 1666 refugit,

183 1670 222 1731 Et
243 1670 331 1749 longo
355 1672 444 1748 periit
466 1670 546 1730 arida
570 1670 645 1730 sacta
668 1672 745 1731 situ.

184 1758 250 1820 Non
272 1758 321 1819 hic
345 1756 511 1838 librorum,
534 1775 587 1836 per
611 1775 686 1836 quos
709 1759 817 1818 inviter
840 1757 979 1841 alarque‚

185 1846 298 1925 Copia:
321 1863 376 1924 pro
399 1845 483 1906 libris
506 1863 593 1906 arcus
616 1856 648 1906 et
670 1864 750 1907 arma
773 1853 897 1909 sonant.

184 1934 289 1994 Nullus
312 1936 344 1994 in
367 1932 421 1993 bac
444 1940 547 2015 terra,
570 1935 692 1994 recitem
716 1936 743 1994 si
765 1936 914 2015 carmina,
937 1936 1025 1997 cuius

135 2033 170 2082 40
184 2021 382 2082 lntelleoturis
405 2020 528 2082 auribus
551 2029 640 2102 utar,
663 2022 763 2083 adest.
924 2069 929 2078 .

184 2109 245 2169 Nec
269 2126 327 2187 quo
352 2109 510 2190 secedam,
532 2109 617 2170 locus
640 2118 707 2171 est:
731 2109 864 2172 custodia
887 2111 968 2171 muri

186 2196 357 2258 Summovet
379 2197 504 2258 inlestos
528 2197 686 2276 clausaque
709 2206 795 2279 porta
817 2197 923 2260 Getas.

186 2285 279 2363 Saepe
302 2284 421 2363 aliquod
444 2303 554 2365 quaero
573 2286 697 2347 verbum
720 2304 888 2365 nomenque
910 2285 1086 2368 locumque,

184 2372 245 2434 Nec
269 2376 426 2453 quisquam
450 2371 516 2454 est,
541 2393 557 2435 a
582 2391 640 2452 quo
663 2377 774 2435 certior
796 2392 862 2435 esso
886 2393 1008 2454 queam.

136 2472 170 2522 45
185 2461 289 2522 Dicere
313 2480 400 2540 saepe
424 2461 534 2540 aliquid
558 2464 731 2522 conanti-
757 2470 843 2541 turpe
867 2463 971 2526 lateril
991 2495 1028 2508 -

185 2549 280 2610 Verba
303 2550 376 2610 mihi
398 2551 527 2629 desunt,
551 2549 739 2629 dedidicique
761 2549 860 2629 loqui.

185 2636 323 2698 Threicio
347 2636 544 2716 Scythicoque
567 2637 630 2697 lere
653 2641 858 2699 circumsonor
881 2656 951 2722 oro,

185 2722 223 2783 Et
245 2724 347 2784 videor
370 2724 482 2785 Geticis
505 2724 636 2786 scribere
659 2744 749 2804 posse
771 2727 885 2787 modis:

186 2810 279 2871 Crede
302 2811 376 2870 mihi
388 2856 397 2890 ,
421 2813 533 2892 timeo,
555 2829 593 2872 ne
616 2815 676 2874 sint
697 2816 820 2875 inmixta
842 2813 955 2876 Latinis

138 2909 172 2959 50
186 2898 279 2977 lnque
302 2900 376 2958 meis
400 2901 519 2977 scriptis
542 2900 664 2962 Pontica
686 2901 776 2962 verba
798 2901 895 2981 legas.

186 2986 437 3065 Qualemcumque
459 2989 550 3067 igitur
572 2992 657 3050 venia
680 2989 802 3068 dignare
824 2988 973 3070 libellum,

187 3073 282 3136 Sortis
306 3083 336 3136 et
359 3092 466 3136 excusa
490 3076 662 3139 condicione
685 3094 776 3140 meae.
