2386 3892
115 109 179 173 304
521 108 713 159 rasponum

138 285 188 336 ouo
203 273 282 334 Haec
305 273 392 334 modo
415 271 551 332 verrebat
574 280 700 332 stantem
724 270 844 332 tibicine
867 271 986 352 villam,

246 361 331 421 Nunc
356 362 456 420 matris
479 359 587 437 plumis
611 378 662 419 ova
686 359 810 419 fovenda
832 358 940 439 dabat,

203 450 261 509 Aut
284 448 391 508 virides
414 447 545 526 malvas,
569 455 619 508 aut
642 447 749 526 lungos
772 447 884 527 colligit
906 446 1011 529 albos,

247 536 304 596 Aut
327 535 467 595 humilem
491 542 574 613 grato
598 535 713 595 calfacit
734 538 802 614 igne
825 536 945 597 focum.

203 624 240 684 Et
263 634 361 685 tamen
383 624 510 684 assiduis
534 632 653 684 exercet
674 622 794 683 brachia
818 623 903 703 telis,

139 725 190 774 ‘100
249 713 456 790 Adversosque
480 713 574 771 minas
597 712 716 790 lrigoris
739 728 820 772 arma
841 720 944 790 parat.

204 799 296 860 Filius
319 800 407 860 buius
432 807 495 860 erat
517 801 612 878 primo
636 799 761 860 lascivus
784 801 815 859 in
837 817 928 879 aevo,

164 936 168 941 .
248 887 465 966 Adclideratque
488 905 582 946 annos
604 887 639 947 ad
663 888 721 947 duo
744 886 837 947 lustra
861 887 954 948 duos.

204 976 231 1034 ls
255 978 333 1053 capit
356 977 480 1035 extremi
503 974 618 1053 volpem
641 974 771 1035 convalle
794 974 908 1036 salicti:

247 1062 415 1123 Abstulerat
438 1062 544 1123 multas
567 1062 616 1122 illa
640 1062 770 1123 cohortis
793 1080 879 1123 aves.

141 1164 191 1211 705
207 1150 355 1228 Captivam
379 1150 486 1229 stipula
510 1151 653 1229 lacnoque
676 1150 818 1230 involvit,
842 1161 873 1211 et
894 1152 979 1230 ignes

246 1239 411 1299 Admovet:
444 1247 565 1299 urentes
588 1240 691 1316 elingit
714 1238 761 1298 illa
785 1255 907 1300 manus:

203 1327 266 1397 Qua
290 1329 386 1407 legit,
409 1327 541 1387 incendit
563 1329 684 1387 vestitos
707 1326 852 1388 messibus
875 1343 982 1405 agros;

246 1415 399 1476 Damnosis
422 1416 500 1474 vices
523 1414 641 1492 ignibus
664 1432 734 1474 aura
758 1413 861 1475 dabat.

202 1501 324 1563 Factum
348 1503 440 1580 abiit,
464 1505 643 1562 monimenta
666 1512 807 1566 manent.
848 1519 917 1563 nam
939 1502 1056 1563 deicere

331 1642 340 1657 .
747 1599 861 1670 captam

136 1691 187 1739 ‘110
245 1678 330 1737 Nunc
354 1696 472 1756 quoque
496 1679 542 1738 lex
566 1678 678 1756 volpem
702 1677 875 1738 Carseolana
898 1684 995 1757 vetat,

202 1765 297 1843 thue
320 1765 382 1824 luat
404 1783 538 1845 poenas,
560 1783 632 1843 gens
655 1765 728 1825 baec
751 1764 915 1827 Cerialibus
937 1765 1041 1849 ardet3

245 1851 369 1930 Quoque
393 1851 479 1912 modo
504 1861 619 1931 segetes
643 1853 791 1933 perdidit,
814 1848 1013 1933 ipsa.perit.’

544 1991 595 2055 20.
618 1989 681 2054 FN

200 2115 336 2174 Proxima
360 2132 427 2175 cum
450 2117 548 2176 veniet
571 2125 667 2177 terras
689 2119 788 2177 visura
810 2124 947 2195 patentes

244 2203 408 2262 llleumonis
431 2205 462 2263 in
485 2207 581 2264 roseis
603 2204 682 2265 lutea
705 2216 799 2265 mater
822 2207 925 2285 equis,

135 2304 185 2352 715
200 2291 242 2351 De
266 2290 340 2351 duce
364 2291 487 2370 lanigeri
510 2294 648 2371 pecoris,
672 2295 723 2369 qui
745 2292 875 2371 prodidit
897 2290 1022 2375 Hellen,

246 2379 294 2438 Sol
319 2379 399 2440 abit.
441 2398 561 2458 egresso
584 2382 701 2440 victima
725 2383 817 2440 maior
840 2380 941 2442 adest.

201 2467 292 2527 Vacca
316 2471 409 2528 sitan
433 2475 559 2548 taurus,
582 2486 642 2527 non
665 2476 711 2528 est
730 2485 909 2546 cognoscem
927 2478 1107 2550 promptum:

245 2554 316 2615 Pars
339 2558 420 2634 prior
444 2563 586 2636 apparet,
609 2558 773 2634 posteriora
795 2555 904 2618 latent.

201 2642 260 2702 Seu
283 2651 382 2703 tamen
406 2652 451 2704 est
473 2651 597 2723 taurus,
621 2645 681 2703 sive
706 2651 752 2704 est
772 2644 828 2704 boc
851 2645 962 2707 femina
984 2647 1108 2726 signum,

136 2741 186 2789 rm
245 2729 357 2790 lunone
380 2733 469 2791 invita
491 2748 600 2792 munus
623 2733 732 2791 amoris
754 2730 858 2792 babet.

459 2868 511 2931 21.
539 2866 755 2933 GPAR·N³

200 2992 263 3052 Nox
288 2991 359 3053 abiit
372 3039 381 3073 ,
404 2994 558 3071 oriturque
582 3013 709 3055 aurora.
751 2995 857 3055 Parilia
880 3014 1008 3074 poscor.

243 3081 308 3141 Non
332 3099 439 3159 poscor
461 3082 593 3162 frustra,
618 3085 643 3142 si
666 3084 743 3143 iavet
766 3082 839 3143 alma
862 3082 967 3147 Pales.

199 3169 281 3227 Alma
304 3168 410 3248 Pales,
434 3171 529 3230 iaveas
553 3172 681 3247 pastoria
704 3188 787 3231 sacra
810 3173 947 3253 canenti,

242 3255 412 3333 Prosequor
435 3257 531 3317 officio
556 3260 654 3317 silua
678 3259 751 3318 lesta
775 3260 840 3336 pio.

97 3368 99 3373 ·
135 3352 184 3399 725
200 3341 286 3402 Certe
310 3362 364 3421 ego
389 3344 424 3404 de
449 3345 538 3405 vitulo
562 3347 692 3405 cinerem
715 3346 897 3425 stipulasque
920 3346 1025 3409 fabalis

243 3429 335 3507 Saepe
359 3431 413 3492 tuli
436 3431 521 3510 plena
534 3478 543 3512 ,
566 3432 669 3493 februa
693 3442 794 3513 casta,
819 3452 925 3496 manu.
