2386 3892
386 165 578 218 PASTORUM
597 167 618 217 I.
640 170 732 220 1-32.

249 427 498 510 instituti
524 427 663 509 tinen
690 427 865 512 PRIMUS

82 589 140 653 xo
165 589 198 654 c.
223 587 452 654 optumum
476 585 712 655 causarum
736 587 1040 657 cunuaurouu.

146 768 290 846 Tempora
315 786 383 828 cum
406 771 503 828 causis
526 768 641 829 Latium
665 769 777 848 digesta
800 787 854 848 per
877 788 985 833 annum

188 856 342 934 Lapsaque
365 854 421 916 sub
444 864 539 917 terras
562 864 685 934 ortaque
710 860 791 935 signa
816 876 937 920 canam.

146 943 256 1022 Excipe
279 951 405 1024 pacato,
429 943 536 1004 Caesar
559 944 754 1026 Germanice,
779 945 858 1007 voltu

189 1031 252 1092 Hoc
276 1050 351 1109 opus
375 1040 406 1091 et
428 1032 546 1093 timidae
570 1033 663 1111 dirige
687 1036 769 1094 navis
791 1035 867 1115 iter3

115 1119 333 1200 oOtfioioque,
356 1119 450 1180 levem
473 1138 533 1180 non
556 1129 708 1182 aversatus
730 1122 891 1204 bonorem,

188 1207 264 1268 Huic
287 1208 343 1268 tibi
365 1207 469 1268 devoto
493 1211 613 1269 numine
637 1209 741 1270 dexter
763 1210 851 1270 ades.

147 1295 234 1357 Sacra
258 1315 453 1375 recognosces
476 1296 630 1357 annalibus
653 1305 737 1358 eruta
760 1299 884 1378 priscis,

189 1384 227 1444 Et
250 1403 308 1462 quo
332 1387 372 1445 sit
394 1387 499 1444 merito
524 1403 657 1464 quaeque
681 1392 780 1445 notata
803 1385 884 1446 dies.

145 1472 279 1532 Invenies
301 1471 361 1532 illic
385 1482 415 1533 et
438 1473 512 1533 festa
535 1472 694 1533 domestica
718 1472 818 1534 vobis:

98 1572 131 1619 10
191 1560 282 1638 Saepe
306 1560 361 1619 tibi
383 1568 467 1638 pater
491 1571 558 1638 est,
582 1579 669 1638 saepe
692 1561 834 1639 legendus
857 1579 945 1622 avus.

145 1647 285 1726 Quaeque
309 1648 474 1709 ferentilli
498 1651 592 1726 pictos
616 1651 761 1727 signantia
784 1649 892 1731 fastos,

189 1736 234 1795 'lu
259 1755 377 1814 quoque
401 1755 468 1796 cum
492 1737 587 1798 Druso
610 1739 740 1816 praemia
763 1737 853 1798 fratre
877 1739 970 1799 seres.

145 1822 278 1883 Caesaris
301 1842 381 1884 arma
404 1832 510 1885 canant
533 1825 604 1885 alii:
637 1843 691 1886 nos
714 1825 847 1886 Caesaris
871 1844 953 1909 aras,

188 1910 227 1971 Et
250 1910 453 1991 quoscumque
476 1916 568 1972 sacris
592 1913 703 1974 addidit
725 1912 775 1973 ille
798 1915 878 1975 dies.

98 2011 130 2059 15
144 1999 248 2059 Annue
273 2003 390 2060 conanti
412 2019 467 2079 per
488 2001 590 2061 laudes
613 2004 657 2062 ire
681 2009 819 2082 tuorum,

188 2086 288 2165 Deque
313 2107 377 2148 meo
401 2090 521 2167 pavidos
545 2098 649 2150 excute
673 2090 762 2150 eorde
785 2097 899 2167 metus.

144 2176 186 2235 Da
209 2177 281 2235 mihi
304 2184 333 2236 te
357 2177 503 2255 placidum
516 2225 525 2257 ,
549 2178 665 2238 dederis
688 2180 719 2237 in
743 2180 872 2238 earmina
895 2179 983 2238 viris:

190 2263 345 2341 Ingenium
367 2265 446 2326 voltu
471 2274 587 2343 statque
611 2266 746 2343 caditque
770 2275 839 2325 tuo.

144 2351 253 2430 Pagina
276 2353 418 2413 iudicium
442 2354 521 2413 docti
544 2351 677 2413 subitura
701 2360 835 2411 movetur

96 2451 129 2498 20
188 2439 358 2521 Principis,
380 2450 415 2501 ut
437 2441 533 2501 Clario
557 2443 646 2500 missa
669 2438 791 2516 legenda
813 2438 886 2499 deo.

146 2527 228 2598 Quae
252 2531 290 2588 sit
313 2532 391 2589 enim
415 2529 487 2589 culti
512 2529 646 2589 facundia
670 2529 817 2587 sensimus
839 2527 918 2607 oris,

189 2615 286 2677 Civica
309 2635 363 2695 pro
387 2617 510 2695 trepidis
534 2634 601 2677 cum
625 2614 693 2677 tulit
715 2632 796 2676 arma
818 2616 895 2676 reis.

145 2703 261 2764 Scimus
286 2713 336 2784 et,
359 2704 395 2764 ad
419 2712 535 2766 nostras
557 2724 625 2766 eum
648 2723 679 2765 se
703 2703 771 2764 tulit
793 2704 921 2782 impetus
944 2710 1041 2785 artes,

187 2790 302 2869 lngenii
325 2802 445 2853 currant
468 2793 587 2853 flumina
612 2800 720 2872 quanta
742 2794 802 2854 tui.

96 2891 129 2938 25
145 2878 176 2939 Si
199 2879 270 2940 licet
293 2887 322 2940 et
345 2881 388 2940 las
411 2888 457 2941 est
470 2927 479 2959 ,
502 2892 584 2942 vates
606 2900 676 2961 rege
698 2882 772 2942 ratis
795 2880 943 2962 habenas,

187 2966 327 3045 auspicio
351 2967 419 3028 felix
444 2976 522 3030 totus
545 2978 580 3030 ut
602 2988 696 3030 annus
719 2976 783 3031 eat.

143 3052 289 3133 'l'empora
313 3054 460 3134 digereret
484 3076 551 3127 cum
575 3059 710 3119 conditor
733 3058 843 3135 Urbis,
866 3058 898 3115 in
921 3071 997 3113 anno

188 3142 348 3204 Constituit
371 3163 488 3206 menses
512 3149 641 3225 quinque
666 3146 711 3205 bis
735 3162 800 3205 esse
825 3159 895 3201 suo.

145 3229 265 3291 Scilicet
288 3249 368 3291 arma
392 3235 484 3310 magis
508 3252 595 3312 quam
619 3231 715 3292 sidera
728 3278 737 3310 ,
760 3227 907 3306 Romule,
930 3243 1036 3305 noras,

94 3330 127 3378 30
187 3319 324 3397 Curaque
347 3321 487 3380 finitimos
510 3324 628 3380 vincere
651 3319 744 3376 maior
768 3323 848 3375 erat.

142 3405 196 3467 Est
219 3417 317 3467 tamen
340 3415 372 3468 et
394 3410 489 3484 ratio,
515 3407 643 3485 Caesar,
666 3421 741 3481 quae
765 3403 890 3463 moverit
911 3400 1011 3462 illum:

188 3494 388 3573 Erroremque
413 3513 499 3555 suum
524 3512 582 3572 quo
606 3497 747 3571 tueatur,
770 3489 875 3551 babet.
918 3531 922 3540 ·
