2386 3892
92 192 155 258 154
497 192 683 244 nxronro

222 356 338 437 Scripta
361 362 460 416 tamen
483 355 602 434 profugi
624 357 699 416 vatis
721 352 856 416 habenda
877 350 982 435 putas.

179 444 298 506 Scilicet
319 445 446 523 ingeniis
469 442 566 520 aliqua
590 451 636 504 est
658 442 816 504 concordia
838 444 966 522 iunctis,
1053 459 1102 515 (su

130 546 164 595 60
222 532 261 593 Et
284 538 382 593 servat
403 531 494 592 studii
517 530 637 590 foedera
660 533 786 610 quisque
810 532 875 593 sui:

177 622 319 682 Rusticus
342 617 521 699 agricolam,
541 618 629 678 miles
652 619 715 679 sera
737 617 813 679 bella
835 626 1004 700 gerentem,

222 709 381 769 Rectorem
404 705 511 767 dubiae
534 708 631 766 navita
652 709 761 786 puppis
784 714 880 769 amat.

178 797 224 857 Tu
248 814 365 875 quoque
388 794 541 857 Pieridum
564 793 685 874 studio,
708 795 864 876 studiose,
886 797 1012 879 teneris,

222 882 403 963 lngenioque
426 883 528 962 laves,
550 884 726 963 ingeniose,
747 899 832 944 meo.

131 982 164 1033 65
178 971 274 1033 Distat
295 990 371 1050 opus
394 977 531 1030 nostrum
543 1017 553 1050 ,
576 970 628 1030 sed
652 968 783 1031 lontibus
807 972 868 1031 exit
890 970 927 1031 ab
949 970 1049 1034 isdem:

222 1059 302 1120 Artis
326 1067 357 1119 et
377 1061 524 1136 ingenuae
546 1058 644 1119 cultor
667 1067 793 1138 uterque
816 1076 939 1121 sumus.
1063 1062 1065 1066 ’

181 1147 327 1226 [Thyrsus
350 1149 428 1207 enim
451 1144 557 1224 vobis,
580 1153 693 1222 gestata
716 1155 763 1208 est
785 1146 888 1209 laurea
909 1146 1009 1210 nobis:

224 1234 282 1295 Sed
304 1244 403 1295 tamen
427 1232 570 1294 ambobus
593 1233 682 1296 debet
703 1237 802 1296 inesse
826 1234 908 1296 calor
917 1233 958 1312 .]’

178 1321 276 1403 thue
299 1325 373 1383 meis
396 1323 529 1383 numeris
552 1330 602 1382 tua
624 1322 675 1383 dat
697 1323 834 1385 facundia
856 1340 982 1403 nervos,

132 1424 165 1473 to
225 1410 274 1473 Sic
296 1413 378 1471 venit
400 1429 417 1471 a
439 1408 525 1470 nobis
547 1411 579 1470 in
602 1418 652 1471 tua
675 1410 764 1471 rerba
787 1413 885 1472 nitor.

179 1499 246 1560 lure
269 1501 361 1578 igitur
384 1490 487 1560 studio
507 1499 634 1558 confinia
656 1501 786 1559 carmina
807 1508 908 1560 vestro

222 1587 261 1647 Et
284 1587 447 1648 commilitii
470 1603 554 1647 sacra
577 1585 686 1647 tuenda
708 1595 812 1665 putas.

179 1674 237 1734 Pro
261 1674 370 1752 quibus
393 1682 427 1735 ut
449 1682 566 1735 maneat
578 1720 587 1755 ,
611 1674 648 1734 de
671 1692 730 1752 quo
754 1677 888 1736 censeris
900 1719 909 1754 ‚
932 1674 1045 1750 amicus,

223 1762 403 1841 Compreeor
426 1761 462 1822 ad
485 1765 560 1822 vitae
583 1768 718 1841 tempora
741 1780 856 1824 summa
878 1771 964 1844 tuae,

132 1862 164 1911 tt
180 1850 385 1931 Succedatque
407 1853 468 1912 tuis
491 1849 572 1910 orbis
595 1849 764 1911 moderator
785 1849 928 1912 habenis:

224 1939 309 2010 Quod
332 1956 449 2001 mecum
473 1937 575 2017 populi
597 1945 664 1998 vota
686 1945 847 2018 precantur
866 1936 965 1999 idem.

568 2129 626 2205 Ἡ
1107 2230 1111 2283 ι

180 2287 315 2349 Carmine
339 2287 537 2368 Graecinum,
562 2291 613 2366 qui
635 2305 777 2367 praesens
799 2305 872 2350 voce
896 2283 1019 2366 solebat,
1109 2318 1111 2325 ·

224 2374 330 2437 Tristis
353 2375 390 2437 ab
413 2376 537 2437 Euxinis
559 2375 638 2436 Naso
661 2375 769 2437 salutat
791 2378 893 2456 aquis.

180 2463 281 2525 Exulis
304 2464 376 2525 haec
399 2482 457 2525 vox
479 2472 546 2524 est.
587 2463 710 2542 praebet
732 2463 806 2525 mihi
827 2463 928 2525 littera
949 2461 1070 2543 bugum,

224 2552 263 2612 Et
285 2555 310 2612 si
333 2570 392 2613 non
415 2552 503 2613 liceat
526 2550 679 2632 scribere,
703 2559 804 2613 mutus
826 2568 898 2612 ero.

150 2639 333 2720 oCorripis,
356 2648 390 2701 ut
412 2639 525 2720 debes,
549 2639 632 2700 stulti
654 2646 776 2718 peccata
798 2638 926 2719 sodalis,

224 2726 263 2786 Et
286 2727 359 2787 mala
383 2747 429 2788 me
452 2730 566 2789 meritis
590 2727 669 2788 ferre
691 2729 806 2787 minora
828 2727 939 2789 doces.

181 2814 255 2874 Vera
278 2816 372 2894 lacis,
394 2815 446 2874 sed
469 2833 557 2896 sera,
580 2833 662 2876 meae
686 2818 818 2877 convicia
841 2814 963 2896 culpae.
1040 2818 1070 2869 (Μ)

224 2902 336 2983 Aspera
360 2904 494 2962 confesso
517 2902 607 2963 verba
629 2905 747 2963 remitte
770 2920 841 2964 reo.

141 2990 144 2996 ’
180 2991 255 3053 Cum
276 2999 410 3071 poteram
433 2998 516 3050 recto
539 2994 666 3052 transire
690 2991 834 3052 Ceraunia
857 2989 941 3073 velo,

135 3089 167 3138 10
225 3079 264 3142 Ut
287 3080 350 3141 fera
373 3080 496 3139 vitarem
519 3097 588 3140 saxa
600 3127 609 3159 ,
633 3079 798 3140 monendus
822 3096 923 3140 eram.

180 3165 265 3228 Nunc
288 3168 360 3229 mihi
384 3167 535 3244 naufragio
559 3167 630 3246 qnid
652 3166 776 3246 prodest
797 3165 916 3228 discere
938 3165 1025 3243 teoto,

225 3254 288 3324 Qua
312 3274 376 3316 mea
398 3254 537 3315 debuerit
559 3273 681 3316 currere
704 3253 812 3316 cumba
834 3250 909 3317 via?

182 3341 306 3402 Brachia
328 3343 374 3426 da
387 3343 464 3405 lasso
487 3345 587 3423 potius
610 3343 782 3422 prendenda
804 3344 938 3406 natanti:

226 3429 287 3489 Nec
308 3433 408 3508 pigeat
429 3440 528 3492 mento
552 3433 744 3510 supposuisse
767 3447 908 3499 manum.

136 3527 168 3578 15
182 3516 274 3597 ldque
302 3517 396 3599 lacis,
419 3519 567 3599 faciasque
592 3536 720 3598 precor.
762 3520 805 3579 sic
833 3525 932 3581 mater
953 3523 983 3579 et
1002 3525 1071 3583 mor,
