2386 3892
567 177 737 228 TRISTIUM

621 372 682 447 VI.

239 517 285 576 Tu
309 534 449 596 quoque,
472 522 640 576 nostrorum
666 515 813 594 quondam
835 515 942 576 fiducia
965 533 1083 596 rerum,

241 603 299 674 Qui
321 604 393 664 mibi
416 604 609 684 coniugium,
632 605 683 680 qui
706 603 778 663 mibi
800 600 907 682 portus
928 621 1011 685 eras,

240 692 285 750 Tu
309 709 427 770 quoque
451 693 582 769 suscepti
604 708 705 750 curam
729 690 852 750 dimittis
875 693 979 771 amici,

241 779 396 857 Officiique
420 780 501 857 pium
525 786 583 838 tarn
608 780 666 838 cito
690 781 775 856 ponis
799 774 899 839 onus?

210 866 362 927 oSarcina
386 883 479 947 sum,
502 867 617 946 iateor,
641 883 728 943 quam
752 868 776 925 si
799 874 831 926 tu
855 874 989 945 tempore
1013 866 1088 927 duro

240 954 435 1033 Depositurus
459 971 546 1033 eras,
570 970 629 1013 non
653 953 807 1013 subeunda
830 953 903 1014 luit.

240 1040 394 1103 Fluctibus
417 1044 446 1101 in
470 1041 575 1100 mediis
599 1059 723 1120 navem,
746 1041 906 1120 Palinure,
929 1038 1100 1120 relinquis?

242 1129 285 1189 Ne
309 1130 400 1210 iuge,
423 1147 496 1188 neve
520 1136 570 1188 tua
593 1130 631 1188 sit
654 1130 751 1188 minor
774 1137 837 1189 arte
860 1127 951 1190 fides!

241 1215 390 1295 Numquid
414 1215 559 1276 Achilleos
582 1218 661 1277 inter
684 1217 746 1277 fera
769 1215 879 1295 proelia
902 1217 953 1276 fidi

193 1316 226 1365 10
250 1305 387 1365 Deseruit
409 1304 511 1364 levitas
534 1304 759 1365 bortomedontis
782 1300 900 1383 equos?

241 1392 335 1462 Quem
358 1392 449 1452 semel
473 1393 610 1472 excepit,
633 1410 793 1470 numquam
816 1391 981 1453 Podalirius
1004 1411 1092 1472 aegro

240 1480 419 1540 Promissam
442 1479 572 1540 medicae
596 1498 656 1540 non
679 1480 746 1540 tulit
769 1481 841 1539 artis
865 1497 969 1558 opem.

241 1569 371 1646 Turpius
395 1569 519 1646 eicitur,
543 1585 631 1645 quam
653 1585 713 1628 non
737 1568 900 1629 admittitur
922 1567 1049 1648 hospes3

242 1654 322 1724 Quae
345 1656 461 1734 patuit,
485 1654 605 1715 dextrae
628 1656 711 1715 firma
736 1657 774 1715 sit
797 1673 847 1715 ara
868 1672 969 1716 meae.

194 1753 226 1802 15
241 1741 287 1801 Nil
311 1743 368 1801 nisi
392 1758 437 1802 me
462 1741 557 1801 solum
580 1744 675 1821 primo
698 1751 812 1803 tutatus
836 1761 890 1824 es;
913 1748 944 1802 at
965 1760 1045 1804 nunc

240 1829 286 1888 Me
309 1831 421 1907 pariter
444 1847 527 1889 serva
550 1829 751 1908 iudiciumque
775 1838 877 1910 tuum,

243 1916 273 1976 Si
297 1917 383 1976 modo
407 1935 467 1976 non
489 1917 586 1996 aliqua
609 1920 708 1978 est‘in
726 1936 773 1977 me
792 1935 866 1978 nora
890 1917 992 1998 culpa,
1016 1925 1155 1996 tuamque

241 2003 393 2064 Mutarunt
416 2004 513 2065 subito
538 2007 660 2065 crimina
683 2014 785 2066 nostra
807 2006 912 2066 fidem.

243 2091 371 2170 Spiritus
390 2092 455 2173 bic,
479 2092 614 2170 Scythica
634 2111 721 2170 quem
740 2111 800 2152 non
818 2092 894 2153 bene
913 2092 1049 2154 ducimus
1068 2111 1156 2171 aura,

193 2191 227 2240 20
242 2177 326 2248 Quod
350 2182 458 2258 cupio,
481 2180 621 2241 membris
645 2189 730 2240 exeat
752 2189 820 2241 ante
844 2182 935 2260 meis,

242 2266 335 2336 Quam
358 2275 409 2327 tua
431 2267 538 2328 delicto
562 2271 746 2345 stringantur
769 2277 890 2347 pectora
912 2275 1033 2347 nostro,

241 2353 278 2414 Et
301 2355 400 2415 videar
424 2359 529 2418 merito
553 2356 639 2416 vilior
661 2374 726 2416 esse
750 2356 820 2416 tibi.

241 2442 305 2503 Non
329 2443 401 2504 adeo
425 2445 570 2504 totitatis
594 2461 756 2522 urguemur
778 2446 906 2524 iniquis,

241 2531 279 2591 Ut
302 2549 366 2591 mea
390 2533 429 2591 sit
451 2530 546 2610 longis
570 2550 653 2593 mens
677 2523 795 2610 quoque
819 2540 897 2592 mota
922 2530 1022 2593 malis.

193 2629 226 2678 25
241 2618 333 2697 Finge
356 2627 453 2679 tamen
478 2627 608 2700 motam,
632 2613 768 2697 quotiens
792 2620 1009 2698 Agamemnone
1033 2624 1134 2678 notum

241 2706 354 2765 Dixisse
379 2709 409 2766 in
432 2706 561 2785 Pyladen
584 2707 716 2787 improba
740 2707 828 2767 rerba
852 2702 962 2787 putas?

242 2792 303 2852 Nec
326 2793 430 2870 procul
453 2811 469 2853 a
492 2813 562 2854 vero
587 2803 633 2855 est
646 2842 654 2874 ,
679 2798 750 2874 quin
774 2803 805 2856 et
827 2795 952 2875 pulsarit
976 2796 1120 2855 amicum:

241 2878 347 2940 Mansit
370 2882 401 2939 in
424 2882 529 2942 officiis
553 2900 611 2943 non
635 2885 733 2944 minus
756 2883 805 2944 ille
829 2885 908 2944 suis.

240 2966 304 3026 Hoc
328 2976 373 3027 est
395 2985 464 3027 cum
486 2971 602 3030 miseris
625 2971 720 3031 solum
744 2989 900 3032 commune
923 2970 1035 3049 beatis,

195 3067 229 3116 30
243 3054 395 3116 Ambobus
418 3055 509 3116 tribui
533 3058 611 3136 quod
635 3058 709 3119 solet
733 3058 925 3137 obsequium:

241 3143 362 3203 Ceditur
386 3152 415 3204 ct
438 3147 534 3204 caecis
557 3155 587 3206 et
610 3164 684 3225 quos
708 3154 859 3225 praetexta
882 3145 1027 3207 verendos

241 3229 385 3310 Virgaque
410 3250 476 3291 cum
502 3232 598 3293 verbis
622 3236 779 3312 imperiosa
802 3234 888 3294 facit.

242 3317 273 3377 Si
296 3319 367 3378 mibi
391 3337 450 3378 non
473 3323 592 3400 parcis,
617 3322 752 3381 iortunae
776 3338 898 3400 parcere
922 3321 1032 3382 debes:

240 3403 305 3464 Non
328 3405 416 3466 babet
438 3408 469 3466 in
493 3407 577 3467 nobis
601 3407 689 3468 ullius
712 3411 755 3469 ira
778 3408 894 3469 locum.

193 3502 225 3551 35
240 3490 322 3569 Elige
346 3502 516 3554 nostrorum
539 3497 693 3555 minimum
717 3498 930 3575 minimumque
955 3495 1110 3557 malorum:
