2386 3892
143 191 185 255 70
558 189 730 241 uaasuauu
778 244 780 249 ,

115 365 117 370 ’
181 368 215 417 55
229 354 347 434 Frigida
369 371 417 415 me
441 350 580 414 cohihent
602 346 710 413 Euxini
733 352 820 413 litora
842 351 948 414 Ponti:

229 443 331 503 Dictus
354 440 391 501 ab
414 443 543 519 antiquis
566 441 685 501 dranus
708 438 756 501 ille
780 441 852 500 luit.

230 530 304 590 Nam
326 547 423 607 neque
446 531 593 589 iactantur
616 527 775 589 moderatis
799 544 927 606 aequora
950 529 1064 610 ventis,

230 617 290 678 Neo
312 615 443 696 placidos
466 625 571 695 portus
593 615 710 695 hospita
731 617 814 676 navis
837 614 914 676 adit.

231 705 307 766 Sunt
326 707 404 765 cirea
423 712 548 783 gentes,
572 721 648 782 qnae
665 702 804 782 praedam
823 704 965 782 sanguine
984 712 1149 786 quaerunt3

183 806 218 855 60
232 792 293 853 Nec
317 795 415 853 minus
436 790 527 852 infida
550 799 630 852 terra
652 792 774 852 timetur
797 808 889 870 aqua.
930 832 934 839 -

229 880 299 961 Illi,
321 898 395 959 quos
419 880 503 941 audis
525 880 678 940 hominum
701 877 830 958 gaudere
853 896 980 962 cruore,

230 968 326 1028 Paene
349 967 405 1028 suh
429 968 561 1029 eiusdem
585 966 690 1027 sideris
713 985 767 1027 axe
788 969 903 1028 iacent.

230 1055 291 1115 Nec
314 1055 419 1134 procul
442 1074 458 1116 a
480 1055 566 1115 nohis
589 1054 672 1114 locus
695 1062 741 1115 est
753 1101 762 1133 ,
783 1053 837 1116 ubi
859 1054 985 1115 Taurica
1009 1054 1073 1116 dira

231 1142 325 1203 Caede
349 1143 534 1221 pharetratae
558 1144 706 1221 spargitur
729 1160 779 1202 ara
802 1143 890 1204 deae.

184 1243 217 1291 65
231 1230 310 1291 Haeo
332 1233 439 1312 prius,
462 1237 496 1291 ut
518 1239 703 1310 memorant,
726 1247 786 1290 non
809 1229 953 1291 invidiosa
976 1231 1109 1292 nefandis

230 1318 291 1379 Nec
315 1318 459 1398 cupienda
482 1317 568 1379 honis
591 1335 682 1397 regna
704 1317 846 1378 Thoantis
869 1325 970 1380 erant.

231 1406 286 1467 llic
308 1425 363 1486 pro
387 1409 540 1486 supposita
562 1408 643 1485 virgo
666 1405 803 1484 Pelopeia
827 1422 914 1467 cerva

232 1493 321 1555 Sacra
344 1494 416 1554 deae
439 1495 531 1555 coluit
554 1493 777 1572 qualiacumque
801 1511 890 1556 suae.

232 1581 296 1653 Ouo
314 1590 493 1662 postquam,
516 1580 660 1650 dubium,
684 1584 752 1661 pius
770 1599 807 1641 an
826 1581 1008 1662 sceleratus,
1026 1578 1145 1643 Orestes

185 1681 217 1728 to
233 1668 361 1730 Exactus
386 1670 470 1729 iuriis
493 1677 614 1729 venerat
635 1672 699 1747 ipse
724 1671 802 1749 suis,

231 1755 270 1817 Et
293 1774 392 1816 comes
416 1756 581 1835 exemplum
604 1759 667 1816 veri
690 1757 825 1818 Phoceus
848 1759 975 1839 amoris,

232 1843 371 1915 Quidue
395 1844 591 1926 corporibus,
614 1844 764 1905 mentibus
787 1862 865 1905 unus
887 1853 992 1926 erant,

231 1931 371 1992 Protinus
394 1934 502 1993 evincti
525 1934 641 1992 tristem
664 1932 815 1993 ducuntur
837 1931 873 1992 ad
897 1950 995 2015 aram,

233 2018 313 2088 Quae
338 2018 433 2079 stabat
455 2022 586 2098 geminas
609 2026 676 2080 ante
700 2027 823 2081 cruenta
846 2020 944 2081 lones.

184 2105 292 2167 551155
316 2113 415 2167 tamen
437 2107 516 2168 hune
543 2124 597 2167 sua
624 2125 703 2168 mors
716 2154 725 2189 ,
753 2124 809 2168 nec
835 2125 916 2168 mors
939 2125 995 2170 sua
1018 2109 1123 2169 terruit

652 2196 752 2258 illum:

230 2281 313 2343 Alter
335 2282 373 2343 oh
397 2283 518 2343 alterius
541 2284 645 2344 lunera
667 2291 797 2345 maestus
821 2291 902 2347 erat.

232 2368 270 2431 Et
292 2373 350 2431 iam
372 2374 546 2432 constiterat
568 2374 672 2432 stricto
695 2388 837 2432 mucrone
861 2371 1018 2453 sacerdos,

232 2458 371 2520 Cinxerat
393 2467 424 2520 et
446 2459 547 2519 Graias
570 2458 695 2519 barbara
717 2461 788 2521 vitta
811 2476 928 2540 comas,

232 2546 305 2607 Cum
329 2549 392 2607 vice
415 2549 561 2608 sermonis
584 2548 705 2607 lratrem
729 2549 887 2628 cognovit,
910 2553 941 2607 et
963 2546 1007 2608 illi

183 2645 216 2693 80
231 2633 289 2692 Pro
312 2652 385 2695 nece
409 2634 579 2713 complexus
601 2633 752 2712 Iphigenia
775 2633 872 2695 dedit.
948 2713 951 2717 .

231 2719 320 2780 Laeta
343 2721 414 2781 deae
437 2724 576 2799 signum,
601 2721 731 2782 crudelia
754 2739 836 2782 saera
858 2739 1001 2803 perosae,

231 2806 393 2867 Transtulit
416 2826 452 2867 ex
474 2807 531 2868 illis
553 2810 585 2868 in
608 2808 729 2870 meliora
752 2809 841 2871 locis.

228 2893 309 2955 Haec
332 2896 423 2972 igitur
445 2897 549 2975 regio,
573 2899 671 2975 magni
692 2915 784 2976 paene
807 2896 909 2958 ultima
932 2896 1052 2976 mundi,

232 2981 326 3053 Quam
348 2982 451 3060 lugere
474 2982 609 3044 homines
633 2984 743 3065 dique,
766 2987 931 3064 propinqua
955 2984 1027 3045 mihi
1049 2990 1109 3063 est3

182 3081 217 3131 85
232 3070 328 3149 Atque
351 3087 446 3130 meam
469 3077 579 3131 terram
602 3090 694 3151 prope
718 3082 788 3133 sunt
810 3072 947 3133 lunebrla
970 3089 1070 3152 sacra,

232 3157 265 3218 Si
286 3158 373 3218 modo
396 3157 506 3219 Nasoni
529 3157 653 3220 barbara
675 3168 756 3220 terra
778 3177 832 3220 sua
854 3167 917 3222 est.

232 3244 255 3305 0
279 3248 391 3310 utinam
414 3248 515 3326 venti,
539 3245 648 3325 quibus
671 3253 717 3307 est
739 3246 852 3309 ablatus
875 3246 1016 3331 Orestes,

231 3332 347 3395 Placato
370 3333 503 3396 referant
525 3340 556 3395 et
578 3352 642 3396 mea
665 3333 728 3395 vela
751 3333 824 3398 deol
