2408 3900
605 387 701 461 Vni.

238 531 384 593 Redditus
408 539 454 592 est
476 530 562 591 nobis
586 530 694 592 Caesar
717 547 785 590 enm
808 528 933 590 Caesare
956 546 1071 609 nuper,

286 620 368 690 Ques
391 619 464 679 mibi
487 621 616 699 misisti,
638 617 763 679 Maxime
787 616 895 698 Cotta,
918 616 1008 678 deos.

239 707 337 786 thue
360 716 446 769 tuum
465 724 573 768 munus
591 724 768 786 nnmerum,
788 722 876 784 quem
895 704 1001 787 debet,
1019 704 1161 786 baberet,

284 797 339 858 Est
360 795 402 856 ibi
425 795 601 857 Caesaribus
623 794 705 856 Livia
727 795 829 856 inuata
850 795 933 855 suis.

210 884 404 963 ddrgentum
427 883 496 944 lelix
520 885 659 962 omnique
682 881 799 944 beatius
822 899 913 962 anre,

285 972 392 1052 Quod,
415 973 507 1033 luerit
528 973 659 1051 pretium
682 988 751 1032 eum
773 969 872 1050 rude,
894 987 1006 1030 numen
1029 968 1138 1030 habet.

239 1060 304 1121 Non
328 1059 402 1121 mibi
424 1059 540 1120 divitias
563 1058 659 1119 dando
681 1060 794 1119 maiora
816 1057 968 1138 dedisses,

285 1146 446 1209 Caelitibus
469 1149 568 1209 missis
592 1154 693 1208 nostra
717 1145 773 1208 sub
797 1163 849 1207 ora
872 1145 986 1207 tribus.

239 1234 293 1298 Est
315 1236 446 1317 aliquid,
470 1244 604 1314 spectare
628 1234 700 1297 deos
723 1243 754 1297 et
776 1236 879 1296 adesse
902 1242 1026 1315 putare,

193 1321 994 1405 mfflfflmfflmmmm.

241 1413 391 1484 Quantum
414 1431 508 1493 aveo,
531 1412 630 1492 redii,
659 1430 714 1473 nec
742 1429 789 1473 me
813 1418 897 1472 tenet
923 1409 1027 1471 ultima
1055 1407 1162 1490 tellus,

284 1500 382 1581 thue
405 1503 513 1583 prius,
535 1500 632 1562 media
654 1517 757 1580 sospes
780 1502 811 1560 in
834 1497 914 1560 Urbe
938 1516 1058 1560 moror.

241 1589 401 1650 Caesareos
424 1589 510 1650 video
533 1587 654 1670 vultus,
677 1588 758 1650 velut
781 1595 849 1650 ante
873 1584 1027 1648 videbam:

284 1677 339 1737 Vix
362 1677 451 1738 huius
474 1677 536 1737 voti
558 1695 627 1756 spes
650 1677 707 1738 luit
729 1675 788 1738 nlla
810 1675 902 1737 mihi.

194 1777 225 1826 15
242 1764 338 1844 thue
362 1763 525 1826 salutabam
547 1781 658 1826 numen
682 1764 831 1844 caeleste,
853 1763 967 1825 saluto.

285 1852 371 1923 Quod
394 1852 498 1913 reduci
520 1851 657 1934 tribuas,
681 1853 745 1934 nil,
768 1861 862 1932 pute,
885 1853 982 1913 maius
1005 1849 1118 1912 babes.

240 1940 329 2010 Quid.
342 1942 453 2002 nostris
477 1940 571 2001 oeulis
594 1943 652 2002 nisi
675 1940 737 2002 sola
759 1940 870 2002 Palatia
892 1935 1029 2001 desunt?

285 2027 342 2098 Qui
365 2028 471 2109 loeus,
494 2027 590 2090 ablato
614 2029 761 2110 Caesare,
784 2029 849 2091 vilis
873 2030 947 2090 enit.

185 2194 188 2201 ι
240 2116 328 2178 Hrrne
356 2135 410 2196 ego
438 2134 507 2178 enm
534 2126 688 2198 spectem,
718 2118 820 2179 videor
846 2116 920 2178 mibi
947 2132 1072 2177 eernere

788 2206 930 2286 Remam;
1117 2213 1159 2266 (θ’)

193 2305 226 2354 20
284 2292 359 2354 Nam
381 2294 493 2373 patriae
516 2293 621 2355 faeiem
645 2294 774 2356 sustinet
794 2293 844 2356 ille
867 2311 957 2355 suae.

240 2381 360 2459 Pallor,
383 2400 420 2443 an
443 2383 511 2444 irati
533 2382 606 2444 mibi
629 2390 699 2444 sunt
721 2384 753 2443 in
775 2383 902 2461 imagine
925 2379 1045 2460 vultus,

287 2469 442 2550 Terraque
465 2471 566 2532 neseio
591 2470 661 2549 quid
685 2470 779 2531 torma
802 2471 943 2532 minantis
965 2464 1082 2529 babet?

240 2558 356 2639 Parce,
378 2560 424 2619 vir
445 2560 581 2619 inmense
604 2559 698 2619 maier
721 2557 880 2620 virtutibus
903 2555 996 2639 erbe,

285 2647 424 2725 iustaque
448 2647 595 2707 vindictae
619 2647 770 2726 supprime
794 2647 878 2707 frena
901 2653 990 2709 tuae.

193 2744 227 2794 25
241 2733 357 2814 Parce,
380 2750 510 2813 precer,
533 2733 622 2795 saecli
644 2734 736 2796 deens
759 2733 917 2796 indelebile
941 2733 1055 2812 nestri,

286 2821 448 2882 Terrarum
472 2821 624 2884 deminum
647 2840 736 2902 quem
759 2840 813 2884 sua
837 2840 909 2884 euna
932 2821 1020 2882 facit.

240 2909 299 2969 Per
321 2910 434 2987 patriae
457 2927 588 2991 nemen,
616 2928 692 2990 qnae
714 2918 744 2972 te
769 2909 823 2972 tibi
845 2911 942 2972 earior
964 2911 1030 2988 ipso
1054 2913 1115 2984 est,

285 2997 344 3058 Per
366 3014 529 3076 numquam
552 2998 659 3060 surdos
681 3000 712 3060 in
736 3006 786 3060 tna
809 3007 876 3060 vota
899 2997 989 3077 deos,

240 3085 358 3166 Perque
381 3087 440 3148 tori
462 3087 595 3167 sociam,
618 3104 693 3166 quae
716 3105 770 3167 par
793 3086 848 3148 tibi
870 3085 935 3149 sela
956 3090 1077 3166 reperta
1098 3083 1159 3151 est,

192 3187 226 3235 30
285 3174 324 3236 Et
347 3176 397 3236 eui
419 3176 557 3236 maiestas
580 3192 640 3236 non
663 3191 789 3236 onerosa
811 3182 863 3236 tua
886 3183 950 3237 est:

240 3264 358 3342 Perque
382 3263 437 3325 tibi
461 3263 586 3325 similem
609 3264 729 3326 virtutis
751 3265 879 3344 imagine
902 3272 1024 3343 natum,

286 3351 420 3414 Moribus
442 3352 584 3431 adgnosci
606 3354 659 3431 qui
680 3359 751 3414 tuus
774 3369 839 3413 esse
862 3359 986 3433 potest,

240 3439 358 3517 Perque
381 3448 449 3502 tuos
472 3440 518 3502 vel
541 3459 594 3502 avo
618 3440 745 3523 dignos,
768 3439 815 3501 vel
836 3446 921 3519 patre
944 3446 1086 3519 nepotes,

286 3526 345 3597 an
367 3530 491 3590 veniunt
513 3545 618 3608 magno
641 3546 696 3608 per
719 3537 769 3589 tua
792 3529 873 3590 iussa
896 3528 1009 3608 gradu:
