2408 3900
148 179 213 244 342
555 180 748 233 PASTORUM

279 344 314 406 ln
337 344 429 405 multo
452 361 512 405 nox
535 352 581 406 est
602 343 774 423 pervigilata
795 361 898 406 mero.

235 430 273 492 lli
295 439 408 493 temere
431 430 570 493 errabant
592 434 623 492 in
646 450 754 511 opacae
777 430 901 493 vallibus
923 429 1008 511 ldae,

279 519 353 581 Pars
375 521 453 581 iacet
475 527 506 580 et
528 519 610 580 molli
631 522 764 599 gramine
786 518 919 580 membra
941 519 1033 602 levat,

236 606 274 668 ili
295 607 421 687 ludunt,
444 605 499 668 bos
523 625 645 669 somnus
667 606 777 688 babet3
799 625 868 687 pars
888 606 1012 670 brachie
1035 612 1129 672 nectit

170 707 224 758 300
281 694 320 757 Et
342 695 466 756 ebidem
489 695 579 757 celeri
602 703 649 756 ter
671 696 747 776 pede
768 695 867 775 pulsat
888 694 1031 759 humum.

236 782 324 844 Vesta
347 785 424 845 iacet
445 783 648 863 placidamque
671 786 751 864 capit
774 800 881 845 secure
902 785 1053 866 quietem,

282 870 367 933 Sicut
389 879 476 953 erat,
498 874 627 951 positum
651 873 781 951 caespite
804 870 878 932 fulta
900 881 1007 952 caput.

236 960 274 1020 lt
296 958 388 1021 ruber
410 959 565 1021 hortorum
588 967 689 1021 custos
712 958 913 1040 nymphasque
937 959 1067 1039 deasque

281 1046 407 1127 Captet,
430 1056 461 1107 et
482 1054 617 1108 errantes
639 1049 757 1126 fertque
780 1047 932 1127 refertque
957 1048 1067 1127 pedes.

172 1147 224 1197 330
248 1135 361 1214 Aspicit
384 1142 415 1195 ct
436 1134 575 1196 Vestam.
615 1134 762 1216 dubium,
784 1133 982 1216 nymphamne
1004 1138 1133 1218 putarit,

283 1223 329 1283 ln
351 1224 454 1284 scierit
475 1221 616 1304 Vestam;
639 1226 731 1284 scisse
755 1223 808 1284 sed
829 1226 893 1302 ipse
917 1233 1022 1302 negat.

237 1309 327 1391 Spem
350 1313 429 1391 capit
450 1309 628 1390 obscenam,
656 1312 819 1390 furtimque
846 1311 989 1373 accedere
1014 1319 1140 1393 temptat
1147 1361 1155 1394 ‚

280 1398 319 1459 Et
341 1400 400 1460 lert
422 1416 584 1479 suspensos
605 1398 696 1461 corde
718 1401 846 1461 micante
868 1397 995 1478 gradus.

237 1486 326 1547 Forte
350 1504 462 1568 senex,
486 1504 545 1566 quo
568 1494 671 1548 vectus
695 1495 782 1568 erat,
803 1486 921 1548 Silenus
944 1486 1070 1551 asellum

171 1586 224 1636 340
281 1574 423 1654 Liquerat
445 1575 482 1636 ad
505 1578 584 1656 ripas
607 1574 673 1636 lene
696 1577 829 1636 00030010
851 1592 962 1654 aquae.

236 1660 301 1723 lbat
313 1710 322 1743 ,
345 1671 379 1724 ut
400 1665 547 1742 inciperet
568 1662 649 1742 longi
671 1663 745 1724 deus
767 1662 969 1744 Hellesponti,

281 1748 491 1828 Intempestive
515 1755 583 1812 cum
606 1752 688 1813 rudit
708 1750 758 1812 ille
781 1767 871 1812 sono.

236 1837 353 1899 Territa
374 1855 446 1898 voce
470 1841 550 1917 gravi
573 1841 669 1919 surgit
691 1839 767 1920 dea3
790 1837 925 1900 convolat
947 1839 1046 1901 omnis

281 1923 381 1986 Turba
393 1971 403 2005 ‚
426 1943 480 2006 per
503 1927 625 1987 infestas
648 1927 752 2006 effugit
774 1925 823 1988 ille
845 1942 968 1989 manus.

171 2024 223 2075 300
248 2011 441 2093 [Lampsacus
463 2015 520 2073 boc
543 2014 650 2075 animal
672 2014 759 2076 solita
781 2023 828 2077 est
849 2021 978 2075 mactare
1001 2011 1129 2094 Priapo:

248 2097 254 2107 '
280 2102 356 2181 Apta
378 2102 454 2162 asini
476 2101 601 2162 flammis
624 2103 730 2164 iudicis
754 2110 822 2164 exta
844 2099 979 2178 damus]

237 2188 332 2259 Quem
354 2196 410 2270 tu,
434 2189 521 2270 diva,
545 2208 658 2251 memor
681 2190 717 2251 de
740 2208 817 2270 pane
839 2187 999 2251 monilibus

784 2295 890 2357 ornas,
1049 2296 1067 2347 ‚⁴
1103 2290 1155 2341 000

282 2364 384 2426 Cessat
407 2383 504 2445 opus,
528 2383 635 2426 vacuae
658 2366 830 2427 conticuere
853 2365 966 2427 molae.

236 2453 384 2534 Nomine,
408 2471 497 2532 quam
519 2454 596 2514 ferto
608 2500 618 2534 ‚
642 2451 819 2515 celebratior
841 2471 910 2515 arce
932 2451 1078 2515 Tonantis

171 2552 224 2603 300
283 2540 406 2621 Dicam,
429 2540 554 2602 Pistoris
578 2540 648 2620 qnid
671 2540 742 2603 velit
763 2559 813 2602 000
835 2541 928 2603 lovis.

238 2628 339 2689 Cincta
362 2628 573 2709 premebantur
596 2627 732 2690 trucibus
754 2628 896 2708 Capitolia
919 2625 1028 2691 (1311100

281 2716 406 2778 Fecerat
426 2716 541 2778 obsidio
564 2718 624 2779 iam
646 2717 786 2779 diuturna
808 2717 933 2778 famem.

239 2803 394 2884 luppiter,
417 2805 453 2866 ad
476 2804 583 2866 solium
606 2807 723 2886 superis
745 2804 844 2885 regale
867 2805 997 2885 vocatis,

282 2885 400 2970 ‘lncipe
415 2887 439 2952 l'
463 2895 503 2953 ait
525 2893 633 2956 blarti.
674 2895 811 2974 protinus
832 2891 883 2954 ille
905 2892 1018 2956 refert:

173 2990 225 3043 330
241 2976 377 3041 ‘Scilicet
399 2980 534 3058 ignotum
557 2989 624 3060 est,
648 3000 723 3061 quae
746 2983 786 3042 sit
807 2980 927 3042 fortuna
948 2997 1105 3062 meorum,

281 3068 320 3130 Et
342 3066 426 3129 dolor
448 3068 497 3128 bic
520 3070 611 3129 animi
633 3087 705 3131 voce
728 3071 881 3148 querentis
903 3075 990 3146 eget.

239 3156 271 3216 Si
293 3165 413 3239 tamen,
436 3164 471 3218 ut
493 3157 621 3217 referam
643 3155 773 3218 breviter
795 3155 871 3217 mala
892 3157 996 3218 iuncta
1016 3155 1138 3236 pudori,

281 3244 404 3323 Exigis:
436 3245 541 3326 Alpino
564 3244 657 3306 Roma
680 3243 736 3305 sub
758 3244 844 3305 hoste
866 3246 960 3306 iacet.

238 3331 317 3393 Haec
341 3339 387 3393 000
399 3381 408 3413 ,
432 3336 481 3394 001
503 3334 601 3394 fuerat
623 3333 770 3411 promissa
791 3332 923 3411 potentia
945 3349 1069 3412 rerum,

172 3430 224 3481 300
282 3418 446 3500 luppiter?
477 3419 552 3482 banc
575 3423 665 3482 terris
687 3421 882 3500 impositurus
904 3415 998 3482 eras?

237 3505 357 3586 lamque
382 3507 568 3573 suburbanos
591 3507 776 3588 Etruscaque
799 3505 936 3569 contudit
955 3523 1056 3570 arma.
