2386 3892
423 164 443 215 1.
464 175 501 215 111
515 165 605 216 89-v
620 167 645 216 2.

162 324 219 397 Qui
242 328 290 386 vin
314 325 480 386 Thessaliae
504 326 562 386 tine
586 325 735 388 timendus
758 336 837 389 erat.

119 412 252 476 Caesaris
275 416 320 474 ira
342 413 414 473 mihi
437 415 563 494 nocuit,
587 432 676 493 quem
699 415 769 476 solis
792 415 829 478 ab
852 425 919 478 ortu

77 514 105 563 30
162 500 239 562 Solis
262 501 298 562 ad
322 519 445 562 occasus
468 510 593 580 utraque
616 511 697 563 terra
719 505 836 566 tremit.

120 587 262 667 [lunctior
286 587 446 650 Haemonia
469 597 515 650 est
537 589 653 671 Ponto,
681 609 769 670 quam
792 591 884 653 Roma
912 593 952 654 sit

664 678 783 760 Histr03

161 765 200 826 Et
223 765 365 845 brevius,
389 782 476 843 quarn
499 783 576 846 nos,
599 765 647 826 ille
670 769 785 846 peregit
807 769 865 829 iter
876 767 896 846 .]

118 852 168 914 llle
191 853 296 914 habuit
320 854 443 913 comites
467 856 579 931 primos
602 853 717 916 telluris
740 855 884 916 Achivae:
991 867 1035 921 (¹⁷)

159 941 198 1001 At
220 949 352 1002 nostram
377 943 476 1001 cuncti
499 941 660 1003 destituere
684 943 800 1021 lugam.

74 1040 103 1090 to
117 1028 176 1089 Nos
199 1029 297 1108 fragili
319 1029 398 1107 ligno
422 1036 537 1090 vastum
561 1031 738 1092 sulcavimus
761 1048 891 1110 aequor:

161 1115 242 1187 Quae
265 1115 334 1177 tulit
356 1116 545 1197 Aesoniden,
569 1118 659 1179 densa
683 1121 783 1180 carina
806 1119 880 1181 luit.

116 1203 178 1266 Nec
200 1204 273 1265 mibi
296 1203 407 1283 Tiphys
430 1213 494 1266 erat
516 1213 638 1286 rector,
661 1225 717 1270 uec
739 1207 875 1285 Agenore
899 1216 985 1269 natus

160 1291 240 1364 Quas
263 1293 397 1370 lugerem
410 1338 419 1372 ,
443 1292 561 1373 docuit,
585 1311 657 1371 quas
681 1311 883 1375 sequererque
907 1297 984 1356 rias.

116 1379 202 1441 fllum
225 1387 319 1441 tutata
343 1388 388 1441 est
412 1398 479 1441 cum
502 1379 618 1441 Pallade
641 1384 721 1460 regia
744 1381 836 1444 luno:

72 1478 104 1528 40
161 1467 326 1529 Defendere
350 1486 449 1528 meum
472 1469 594 1530 numina
617 1468 696 1530 nulla
720 1477 825 1548 caput.

115 1554 201 1616 lllum
224 1557 349 1616 furtivae
373 1558 474 1617 iuvere
499 1555 653 1635 Cupidinis
676 1565 773 1637 artes3

160 1643 240 1715 Quas
263 1661 279 1703 a
302 1661 349 1704 me
372 1642 477 1704 rebem
500 1661 560 1704 non
583 1644 737 1706 didicisset
759 1645 866 1707 Amor.

116 1730 168 1792 Ille
192 1732 311 1792 domum
334 1731 445 1792 rediit:
468 1749 522 1792 nos
545 1731 592 1792 his
615 1735 777 1794 moriemur
800 1736 831 1795 in
854 1735 949 1814 arvis,

160 1818 329 1880 Perstiterit
351 1819 423 1880 laesi
446 1821 472 1879 si
494 1821 591 1899 gravis
614 1823 659 1881 ira
681 1821 746 1884 dei.

73 1916 103 1964 45
116 1905 226 1967 Durius
249 1915 295 1967 est
317 1909 407 1983 igitur
431 1915 567 1968 nostrum
579 1954 589 1988 ,
611 1906 752 1970 fidissima
775 1911 923 1990 coniunx,

159 1993 235 2074 Illo,
259 1994 337 2073 quod
361 1994 453 2055 subiit
476 1996 590 2056 Aesone
614 2005 723 2077 natus,
746 2015 838 2060 onus.

116 2080 157 2142 Te
181 2100 299 2160 quoque
312 2129 321 2163 ,
350 2100 437 2161 quam
464 2084 601 2145 iuvenem
627 2084 782 2146 discedens
805 2083 884 2146 Urbe
908 2085 1033 2165 reliqui,

161 2168 308 2230 Credibile
332 2180 378 2230 est
400 2173 512 2232 nostris
534 2173 701 2242 insenuisse
725 2172 825 2236 malis.

118 2255 158 2318 0!
182 2274 236 2334 ego
249 2304 258 2338 ,
282 2258 313 2318 di
336 2257 465 2338 iaciant,
488 2258 576 2319 talem
599 2267 628 2319 te
652 2277 776 2321 cernere
798 2263 927 2341 possim,

76 2353 104 2403 50
161 2343 293 2424 Canaque
317 2348 437 2407 mutatis
461 2345 561 2406 oscula
583 2346 662 2407 serre
687 2350 797 2428 comis3

117 2432 319 2512 Amplectique
342 2435 417 2495 meis
441 2451 550 2512 corpus
573 2450 632 2493 non
656 2435 765 2512 pingue
788 2434 926 2513 lacertis,

159 2519 197 2580 Et
220 2516 339 2600 ‘gracile
363 2521 419 2582 hoc
442 2516 525 2582 fecit'
549 2519 648 2582 dicere
673 2516 756 2581 ‘cura
778 2516 866 2582 meit'

118 2605 155 2668 Et
176 2626 298 2671 narrare
322 2627 404 2670 meos
426 2608 510 2670 ilenti
532 2609 606 2670 nens
629 2610 693 2688 ipse
716 2608 849 2688 labores,

161 2694 286 2775 Sperato
310 2715 472 2776 numquam
495 2697 711 2776 conloquioque
736 2697 813 2778 irui,

76 2781 254 2863 balneaque
278 2784 454 2847 Caesaribus
477 2803 545 2846 cum
569 2787 694 2864 coniuge
718 2783 843 2847 Caesare
866 2784 972 2866 digna,

159 2871 210 2933 Dis
232 2874 335 2954 veris,
357 2875 482 2935 memori
504 2871 602 2934 debita
626 2872 705 2935 serre
728 2872 834 2936 manui
990 2885 1033 2937 (1⁸)

117 2957 279 3022 blemnonis
301 2960 377 3022 hanc
400 2963 536 3041 utinam,
558 2961 649 3022 lenito
673 2963 830 3043 principe,
852 2970 947 3023 mater

160 3047 255 3118 Quam
277 3050 406 3128 primum
430 3066 515 3110 roseo
539 3058 680 3128 provocet
702 3068 754 3112 ore
777 3048 870 3111 dieml

507 3240 550 3315 V.

117 3395 166 3459 llle
189 3408 258 3461 tuos
282 3400 429 3479 quondam
453 3417 512 3461 non
535 3398 657 3460 ultimus
680 3397 759 3457 inter
782 3396 909 3477 amicos,

159 3486 197 3548 Ut
220 3505 274 3548 sua
297 3487 386 3548 verba
408 3488 508 3565 legas,
536 3485 682 3564 Maxime,
706 3483 782 3546 Naso
805 3493 906 3564 rogat.

754 3584 874 3654 .9*
