2386 3892
475 173 508 224 V.
525 175 675 226 tot-⁶39.
1015 172 1078 238 117

165 337 280 417 Quique
303 335 489 417 Lycurgiden
510 336 632 415 letavit,
656 344 687 397 et
708 334 815 397 arbore
838 343 958 418 uatum,

208 424 385 504 Idmonaque
407 425 570 504 audacem,
593 431 623 485 te
647 441 765 502 quoque
789 435 908 506 rumpat
929 444 1018 506 aper.

87 511 250 593 rosisque
272 512 319 574 vei
343 516 483 575 exanimis
507 513 595 573 iaciat
617 512 671 572 tibi
694 511 825 592 vulnus,
848 523 882 576 ut
903 513 961 594 ilii,

208 601 265 663 Ora
288 619 379 680 super
402 602 452 661 liri
475 618 564 680 quem
587 600 721 661 cecidere
745 602 825 662 suis.

162 689 229 751 Sive
252 689 331 750 idem
343 735 353 769 ,
377 689 465 749 simili
486 691 574 767 pinus
599 706 687 766 quem
710 696 806 748 morte
829 692 973 773 peremit,

207 776 319 857 [Phryx
342 785 372 838 et
394 785 515 837 venator
539 779 579 837 sis
602 775 861 855 berecyntiades]

162 865 194 925 Si
217 873 267 926 tua
290 866 449 942 contigerit
470 863 583 924 Minoas
606 867 715 943 puppis
737 862 881 945 harenas,
1036 877 1080 930 (aa)

89 966 146 1016 510
205 953 247 1013 'ic
271 952 468 1031 Corcyraeum
492 951 609 1012 Cressia
632 951 720 1012 turba
742 960 845 1030 putet.

160 1040 381 1120 Lapsuramque
405 1040 524 1101 domum
548 1039 677 1121 subeas,
700 1046 735 1099 ut
757 1042 876 1120 sanguis
898 1039 1025 1124 Aleuae,

206 1128 282 1189 Selia
305 1126 506 1207 Leoprepidae
530 1145 598 1188 cum
620 1130 682 1189 ruit
705 1125 816 1206 absque
841 1132 920 1190 viro.

162 1217 258 1295 thue
280 1216 328 1276 vei
350 1215 494 1294 Euenus,
517 1218 645 1276 torrenti
667 1215 788 1276 iiumine
811 1234 928 1278 mersus

92 1317 147 1366 514
205 1303 330 1365 Nomina
353 1303 407 1363 des
429 1302 571 1383 rapidae,
594 1303 640 1363 vei
663 1301 842 1383 Tiberinus,
866 1322 976 1382 aquae.

95 1426 135 1437 -
161 1391 374 1469 Astacidaeque
397 1392 484 1452 modo
508 1392 603 1452 delixa
626 1390 767 1451 cadavera
790 1398 915 1472 trunco,

204 1478 297 1558 Digna
319 1480 393 1539 ieris
405 1525 415 1559 ,
437 1480 566 1540 hominis
589 1481 628 1540 sit
650 1487 739 1557 caput
762 1495 829 1538 esca
852 1486 959 1560 tuum,

96 1601 134 1612 -
162 1567 306 1647 Quodque
326 1568 427 1628 ierunt
444 1566 571 1627 Brotean
590 1567 696 1627 iecisse
716 1565 853 1645 cupidine
872 1569 992 1648 mortis,

205 1655 263 1716 Des
286 1662 337 1717 tua
360 1672 521 1715 succensae
544 1654 677 1715 membra
700 1655 856 1716 cremanda
878 1674 984 1737 pyrae.

65 1744 72 1757 ⁶
162 1743 356 1822 Inclususque
380 1760 484 1803 necem
507 1760 594 1803 cavea
617 1744 761 1823 patiaris,
783 1752 818 1805 ut
839 1743 888 1806 ilio

96 1844 147 1893 520
206 1831 270 1892 Nou
293 1831 481 1910 proiecturae
505 1831 640 1892 conditor
663 1830 833 1895 historiae:

162 1919 258 1998 thue
281 1920 429 1998 repertori
451 1921 555 1980 nocuit
576 1921 719 1998 pugnacis
742 1918 848 1994 iambi,

207 2007 254 2067 Sic
278 2009 370 2068 sitin
394 2008 516 2068 exitium
538 2006 637 2086 lingua
660 2015 797 2086 proterva
820 2015 922 2068 tuum.

162 2094 258 2173 thue
281 2113 385 2174 parum
409 2094 506 2156 stabili
529 2098 581 2173 qui
603 2097 732 2155 carmine
755 2095 841 2155 laesit
862 2094 1011 2176 Athenas,

205 2182 320 2244 lnvisus
342 2200 447 2262 pereas
471 2183 625 2243 deficiente
649 2183 732 2244 cibo.

98 2283 148 2331 525
163 2270 259 2349 thue
281 2270 361 2350 lyrae
384 2279 465 2331 vates
489 2271 584 2331 iertur
607 2273 731 2349 periisse
755 2288 892 2351 severae,

208 2357 301 2418 Causa
324 2361 363 2418 sit
385 2361 468 2418 exitii
490 2358 610 2417 dextera
633 2356 711 2416 laesa
734 2359 795 2418 tui.

164 2446 260 2525 thue
283 2447 513 2523 Agamemnonio
536 2443 643 2504 vulnus
666 2442 747 2504 dedit
769 2447 872 2522 anguis
895 2443 1013 2527 Oresti,

207 2534 252 2594 'lu
277 2551 394 2612 quoque
419 2535 455 2595 de
478 2550 580 2594 morsu
603 2534 684 2591 virus
707 2529 834 2591 habente
858 2530 963 2592 cadas.

166 2621 210 2683 Sit
232 2621 287 2682 tibi
310 2623 440 2699 coniugii
463 2638 521 2681 nor
543 2622 637 2701 prima
660 2619 819 2679 novissima
840 2621 933 2681 vitae:

100 2720 148 2771 530
206 2709 327 2789 Eupolis
350 2708 407 2770 hoc
430 2712 519 2789 periit
541 2717 571 2769 et
593 2726 666 2769 nova
690 2715 782 2786 nupta
805 2707 911 2769 modo.

163 2797 259 2876 thue
278 2796 487 2858 cothurnatum
506 2796 648 2858 cecidisse
667 2794 862 2875 Lycophrona
879 2806 1016 2878 narrant,
1036 2808 1079 2861 (¹⁶)

207 2884 333 2946 llaereat
355 2889 387 2946 in
409 2885 492 2946 fibris
515 2885 571 2945 iura
594 2886 698 2963 sagitta
722 2887 800 2949 tuis.

102 2970 106 2975 ’
162 2974 221 3036 Aut
242 2974 322 3034 lacer
344 2976 375 3034 in
399 2973 471 3034 silua
493 2972 628 3034 manibus
652 2991 790 3054 spargare
813 2983 951 3056 tuorum,

208 3061 336 3142 Sparsus
358 3069 392 3123 ut
415 3068 461 3122 est
483 3060 593 3122 Thebis
615 3080 710 3140 angue
734 3070 851 3123 creatus
874 3079 945 3122 avo.

101 3159 148 3211 535
163 3150 279 3229 Perque
303 3150 383 3215 ieros
406 3156 521 3210 montes
543 3159 628 3209 tauro
651 3152 783 3228 rapiente
807 3148 951 3226 traharis,

207 3239 246 3300 Ut
268 3246 361 3298 tracta
385 3245 431 3298 est
453 3239 581 3298 coniunx
604 3238 763 3314 imperiosa
785 3235 877 3314 Lyci.

165 3328 308 3405 Qirodque
332 3344 401 3388 suae
425 3342 511 3404 passa
534 3332 580 3386 est
601 3322 704 3402 paelex
726 3324 816 3382 invita
840 3322 968 3402 sororis,

208 3413 331 3475 Excidat
354 3422 421 3474 ante
444 3411 536 3490 pedes
559 3410 658 3488 lingua
681 3416 794 3468 resecta
819 3417 902 3472 tuos.

167 3501 319 3579 [Conditor
343 3511 377 3563 ut
399 3499 522 3576 tardae,
544 3496 665 3557 blaesus
688 3498 884 3580 cognomine,
907 3498 1016 3582 Cyrae,
1091 3518 1096 3526 ·
