2386 3892
460 197 496 248 11.
515 198 602 248 421-
616 198 676 249 418.
1004 192 1068 260 241

155 361 197 420 Te
218 365 382 421 memorant
400 358 582 437 fratremque
599 367 684 419 tarum
704 390 736 402 -
751 376 819 421 nam
837 361 938 422 iuueia
956 361 1069 422 micatis

88 460 142 511 400
202 448 291 524 Signa
313 480 349 491 —
371 446 446 507 duos
468 455 552 523 tergo
576 448 754 507 sustinuisse
777 446 866 508 deos.

155 535 330 597 Terribilem
354 533 502 613 quondam
525 533 641 612 fugiens
664 532 805 614 Typhona
828 534 937 614 dione,

199 624 284 684 'lunc
307 641 375 683 oum
399 639 452 699 pro
477 621 557 682 eaelo
582 622 714 700 luppiter
736 639 817 683 arma
839 622 923 703 tulit,

155 711 242 772 Venit
264 711 299 771 ad
323 709 495 788 Euphraten
517 712 654 769 comitata
678 709 822 788 Cupidine
844 726 952 792 paruo,

199 799 292 875 lnque
314 797 494 858 Palaestinae
517 799 649 875 margine
672 796 750 857 sedit
771 814 882 876 aquae.

89 897 141 948 400
155 885 287 965 Populus
310 893 340 946 et
362 902 473 946 cannae
496 886 627 963 riparum
650 900 764 945 summa
787 883 944 966 tenebant,
1104 953 1105 959 ἵ

200 972 348 1052 Spemque
371 971 478 1033 dabant
500 972 626 1054 salices,
648 972 704 1032 hos
726 989 845 1052 quoque
867 990 955 1052 posse
977 975 1055 1054 tegi.

154 1061 230 1121 llum
253 1061 325 1121 latet
337 1107 347 1141 ,
369 1062 502 1121 insonuit
523 1068 611 1120 vento
634 1078 756 1121 nemus.
797 1059 845 1121 illa
868 1063 975 1122 timore

200 1148 313 1227 Pallet,
336 1155 367 1208 et
388 1147 512 1208 hostiles
535 1147 630 1209 eredit
651 1147 755 1208 adesse
777 1164 900 1210 manus.

157 1234 253 1313 thue
276 1238 343 1296 sinu
366 1236 462 1295 tenuit
485 1243 586 1295 natum
598 1282 607 1314 ,
631 1229 837 1316 ‘succurrite‚
862 1236 1025 1318 nymphae,

89 1335 143 1384 440
202 1323 240 1384 Et
261 1323 307 1383 dis
330 1322 471 1384 auxilinm
495 1322 569 1383 lerte
592 1317 742 1384 duobusl'
765 1324 823 1385 ait.

157 1409 218 1471 Nee
240 1429 344 1491 mora,
367 1410 525 1490 prosiluit.
566 1411 663 1490 pisues
685 1408 805 1471 subiere
826 1409 960 1489 gemelli:

201 1497 259 1558 Pro
282 1515 342 1576 quo
365 1516 445 1560 nune
469 1499 552 1558 eernl
574 1498 672 1558 sidera
693 1515 802 1558 munus
824 1497 950 1562 habent.

156 1584 227 1646 lude
250 1586 334 1646 nelas
355 1585 469 1646 ducunt
491 1602 585 1664 genus
607 1585 665 1646 hoe
687 1587 841 1664 imponere
862 1587 973 1648 mensis
980 1632 991 1668 ,

199 1672 260 1733 Neo
282 1673 393 1735 violant
415 1672 511 1733 timidi
532 1672 666 1754 piscibus
686 1690 740 1734 ora
762 1672 846 1753 Syri.

288 1809 337 1876 16.
359 1808 389 1875 G
411 1807 478 1875 EN
525 1810 575 1875 11.
597 1808 630 1876 Η
652 1806 841 1886 diluite

88 1948 140 1998 475
155 1936 292 1998 Proxima
313 1935 364 1997 lux
387 1954 477 1998 vacua
501 1944 566 1998 est.
608 1945 640 1999 at
660 1939 748 1998 tertia
770 1935 849 1997 dieta
871 1935 1012 2008 Quirine.

199 2023 257 2095 Qui
279 2032 361 2087 tenet
383 2024 439 2085 hoo
461 2042 592 2105 nomen,
615 2023 759 2086 Romulus
782 2032 850 2087 anta
872 2023 947 2087 luit:

155 2111 223 2173 Sive
245 2111 325 2190 quod
347 2112 431 2173 hasta
454 2114 534 2174 euris
555 2115 663 2193 priscis
686 2121 733 2175 est
753 2112 832 2174 diota
855 2111 989 2195 Sabinis,

199 2199 327 2259 Bellicus
349 2200 448 2261 ateio
470 2202 604 2261 venitin
627 2209 706 2263 astra
728 2200 820 2262 deors:

156 2285 224 2347 Sive
247 2304 302 2347 suo
325 2289 387 2366 regi
409 2304 517 2349 nomen
539 2304 667 2367 posuere
690 2286 839 2358 Quirites:

89 2387 142 2436 480
201 2372 261 2434 Seu
285 2377 353 2453 quia
376 2373 514 2435 Romanis
536 2377 674 2436 iunxerat
695 2372 745 2434 ille
768 2373 879 2435 Cures.

155 2461 228 2521 Nam
251 2469 335 2541 pater
357 2465 538 2541 armipotens
560 2471 716 2541 postqum
742 2477 817 2522 nova
841 2461 956 2522 moenia
979 2459 1067 2543 vidit,

199 2548 348 2628 Multaque
371 2549 513 2610 Romulea
534 2548 611 2610 bella
632 2557 751 2629 peraeta
772 2564 879 2629 manu,

155 2632 304 2716 ‘luppiter
316 2631 341 2718 ,’
364 2639 462 2716 inquit
484 2631 589 2699 ‘habet
610 2636 740 2698 Romana
761 2636 894 2716 potentia
914 2637 1010 2698 ures:

199 2724 357 2803 Sanguinis
379 2726 478 2786 ollloio
501 2743 560 2786 non
584 2732 651 2805 eget
671 2724 721 2785 illa
743 2725 820 2785 mul.
954 2774 959 2785 ,

87 2824 140 2874 480
163 2812 264 2873 Redde
287 2815 365 2892 patri
386 2822 510 2874 natum.
548 2814 685 2892 quamvis
705 2810 858 2875 intercidit
880 2810 971 2892 alter,

198 2899 257 2961 Pro
280 2918 312 2961 se
335 2918 449 2980 proque
472 2900 564 2961 liemo
587 2902 637 2979 qul
659 2898 733 2962 milri
754 2908 869 2981 restat,
892 2902 966 2961 erit.

155 2983 267 3048 “Unus
290 2990 369 3069 erit,
392 3004 482 3067 quem
502 2995 537 3050 tu
559 2987 644 3050 tolles
665 2989 698 3049 in
720 2988 837 3050 cauda
859 2979 960 3048 eaeli'’

198 3072 244 3135 l'u
267 3076 340 3136 mihi
362 3077 481 3138 dixisti:
512 3077 572 3138 slnt
594 3084 658 3138 rata
679 3074 758 3137 dieta
779 3066 890 3135 tous?

153 3162 286 3241 luppiter
308 3170 473 3233 annuerat.
514 3173 589 3226 nutu
611 3163 802 3225 tremelaotua
823 3167 950 3238 uterque

86 3261 139 3311 400
197 3250 251 3312 Est
273 3250 381 3332 polus,
403 3259 434 3312 et
456 3250 529 3312 eaeli
551 3250 682 3331 pondera
704 3249 796 3309 movit
816 3244 915 3310 Atlas.

153 3336 207 3399 Est
228 3338 335 3417 loeus,
357 3339 470 3418 antiqui
492 3337 621 3417 Capreae
644 3334 746 3395 dixere
767 3332 922 3415 paludem:

197 3423 287 3485 Forte
308 3426 369 3486 tuis
391 3423 473 3503 illie,
495 3422 641 3502 Romule,
664 3422 730 3483 lura
751 3420 858 3485 daim.

154 3510 205 3572 Sol
228 3511 324 3592 sugit,
346 3518 378 3572 et
399 3517 553 3572 removent
574 3507 734 3572 subeuntia
752 3508 856 3594 ,auiae
877 3508 1009 3594 eaelum,
