2386 3892
129 189 193 253 276
537 195 730 247 russonum
828 225 831 229 ,

263 356 355 435 Saepe
379 375 459 417 meas
482 357 548 418 illos
571 360 754 438 increpuisse
778 377 894 421 moras.

217 444 277 505 Nec
301 447 387 592 tigni
410 445 446 506 de
469 454 565 507 morte
589 454 709 510 tamen.
751 454 848 507 metus
872 447 946 509 aluit
967 450 1042 511 iste.

261 532 297 592 Ei
351 531 414 594 ihi!
446 534 582 595 credibili
605 535 710 595 lortior
733 534 781 594 illa
803 536 877 596 luit.

217 619 260 679 Ne
284 621 386 681 refer.
427 624 527 700 aspexi
550 640 609 682 non
632 622 681 682 illo
706 629 825 701 pectore
849 623 937 701 digna

152 720 202 769 620
263 708 409 791 Volnera,
432 710 587 771 Tartareas
611 729 701 771 ausus
724 711 805 771 adire
828 711 950 773 domos.

217 797 255 856 At
277 808 310 857 tu
323 844 332 876 ,
356 815 410 858 seu
433 800 508 858 ratio
532 806 561 858 te
584 801 694 858 nostris
718 798 831 878 appulit
853 801 932 879 oris,

263 885 328 946 Sive
353 886 426 946 deus
439 934 449 967 ,
472 889 555 965 regni
579 886 729 947 commoda
753 904 842 964 carpe
865 889 941 947 mei.

217 973 307 1034 Multa
330 973 384 1033 tibi
407 991 575 1054 memores,
598 975 640 1034 nil
663 993 723 1034 non
746 973 889 1035 debemus
911 972 1042 1035 Elissae.

261 1061 385 1121 Nomine
408 1070 491 1140 grata
513 1070 587 1142 tuo,
611 1070 693 1140 grata
716 1065 849 1142 sororis,
873 1057 966 1122 eris.'

152 1160 203 1209 625
219 1148 298 1208 Talia
322 1150 432 1210 dicenti
454 1183 490 1193 -
512 1168 608 1228 neque
633 1153 711 1210 enim
735 1168 803 1229 spes
827 1149 918 1211 altera
941 1156 1034 1211 restat
1056 1182 1092 1192 -

263 1236 394 1298 Credidit
407 1283 416 1318 ,
439 1256 557 1298 errores
581 1240 776 1317 exposuitque
800 1256 888 1299 suos.

218 1325 314 1404 thue
337 1326 457 1386 domum
480 1328 600 1387 intravit
622 1327 726 1405 Tyrios
749 1326 852 1387 induta
875 1334 1014 1407 paratus,

261 1413 369 1492 incipit
391 1414 526 1475 deneas:
550 1448 583 1458 -
607 1422 707 1474 cetera
729 1412 816 1475 turba
839 1414 906 1475 silet
928 1446 963 1456 -

219 1497 317 1562 ‘Hanc
341 1501 395 1562 tibi
418 1520 472 1564 cur
495 1502 630 1584 tradam,
653 1504 702 1580 pia
721 1520 830 1582 eausa,
853 1501 971 1562 Lavinia
991 1503 1131 1582 coniunx,

152 1602 203 1651 630
262 1589 317 1650 Est
338 1589 432 1650 mihi.
474 1593 644 1670 consumpsi
667 1590 826 1668 naufragus
849 1590 938 1650 huius
961 1607 1051 1669 opes.

219 1677 290 1738 Orta
313 1678 391 1757 Tyro
416 1686 482 1759 est,
505 1696 631 1758 regnum
653 1676 761 1757 Libyca
783 1677 916 1757 possedit
938 1680 970 1738 in
992 1696 1063 1739 ora:

263 1765 356 1835 Quam
379 1783 486 1843 precor
508 1776 542 1827 ut
565 1785 649 1827 carae
672 1784 755 1826 more
778 1768 891 1827 sororis
914 1761 1028 1827 ames.’
1105 1797 1109 1803 ·
1192 1771 1193 1774 ’

219 1852 323 1912 Omnia
346 1855 492 1930 promittit
504 1900 514 1935 ,
543 1854 706 1931 salsumque
730 1853 849 1914 Lavinia
871 1853 976 1914 volnus

262 1940 359 2000 Mente
382 1944 492 2020 premit
514 1945 623 2022 tacita,
647 1940 870 2020 dissimulatque
894 1942 1042 2003 fremens.

155 2040 205 2089 635
220 2028 360 2107 Donaque
384 2047 452 2089 eum
475 2030 572 2090 videat
593 2037 712 2109 praeter
735 2048 788 2090 sua
810 2028 922 2090 lumina
943 2028 1017 2089 ferri

263 2116 353 2176 Multa
375 2116 493 2197 palam,
516 2119 594 2178 mitti
617 2117 691 2178 clam
715 2135 833 2197 quoque
857 2115 948 2178 multa
971 2123 1072 2195 putat.

217 2205 282 2265 Non
305 2203 394 2265 habet
417 2215 573 2287 exactum,
597 2206 667 2284 quid
691 2214 778 2284 agat.
819 2204 965 2267 furialiter
987 2203 1066 2286 odit,

265 2293 302 2353 Et
325 2301 409 2372 parat
431 2293 576 2374 insidias,
598 2302 629 2354 et
651 2296 733 2371 cupit
756 2292 818 2354 ulta
840 2295 932 2354 mori.

218 2381 282 2441 Nox
306 2391 390 2443 erat.
432 2390 498 2442 ante
521 2390 620 2442 torum
643 2383 704 2441 visa
728 2389 774 2442 est
796 2381 912 2442 adstare
935 2382 1047 2442 sororis

154 2481 206 2532 640
266 2469 419 2548 Squalenti
441 2469 515 2530 Dido
539 2468 765 2548 sanguinulenta
789 2487 872 2530 coma

219 2557 256 2619 Et
280 2554 364 2637 ‘iuge
376 2605 386 2640 ,
410 2576 447 2619 ne
471 2556 594 2638 dubita,
617 2566 761 2618 maestum
785 2551 869 2635 iuge'
893 2557 994 2617 dicere

767 2639 927 2705 ‘tectumt’

265 2732 326 2793 Sub
349 2734 473 2795 verbum
498 2732 636 2812 querulas
658 2733 767 2812 inpulIt
789 2751 860 2793 aura
882 2731 979 2793 fores.

220 2820 332 2902 Exilit,
356 2832 386 2882 et
408 2822 492 2882 velox
515 2821 619 2882 humili
642 2840 732 2900 super
756 2839 824 2881 arva
848 2820 978 2881 fenestra

266 2908 303 2968 Se
327 2912 417 2969 iacit.
458 2909 599 2969 audacem
621 2910 732 2969 lecerat
753 2910 818 2987 ipse
841 2909 947 2969 timor.

155 3010 205 3060 646
221 2997 343 3075 Qiraque
367 3004 449 3057 metu
472 3000 608 3078 rapitur,
631 2999 732 3058 tunica
753 2994 847 3056 velata
869 2996 1001 3056 recincta

265 3085 388 3167 Currit,
410 3092 444 3145 ut
467 3084 574 3144 auditis
598 3087 700 3145 territa
724 3084 838 3144 damma
861 3082 956 3162 lupis.

222 3174 364 3252 Corniger
387 3173 463 3233 hanc
486 3172 606 3233 tumidis
629 3174 763 3250 rapuisse
786 3171 941 3232 Numicius
963 3169 1049 3232 undis

265 3261 425 3341 Creditur,
448 3270 479 3321 et
501 3263 612 3340 stagnis
636 3260 802 3320 occuluisse
825 3261 906 3320 suis.

224 3349 341 3408 Sidonis
364 3351 477 3410 interea
500 3367 605 3428 magno
629 3347 756 3408 clamore
779 3365 833 3426 per
856 3364 943 3426 agros

157 3445 208 3496 eno
267 3435 448 3505 Quaeritur:
481 3443 623 3516 apparent
646 3439 727 3514 signa
751 3442 897 3514 notaeque
920 3433 1048 3514 pedum:

222 3521 348 3583 Ventum
372 3531 436 3584 erat
458 3523 494 3584 ad
517 3527 613 3605 ripas:
645 3526 762 3585 inerant
784 3525 907 3602 vestigia
930 3523 1019 3602 ripis.
