2386 3892
460 207 507 260 VI.
526 208 673 260 aes-468.
1002 200 1069 270 345

87 383 139 432 445
154 371 264 431 Auctor
286 372 318 431 in
340 371 476 451 incerto,
499 387 549 432 res
571 376 618 431 est
639 369 792 432 Romana.
832 377 934 431 tuetur
1010 380 1067 433 (21⁰)

198 458 285 519 Vesta
297 503 307 538 ‚
329 457 408 537 quod
430 459 549 519 assiduo
571 457 682 519 lumine
705 465 811 520 cuncta
827 457 929 536 pidet.

154 546 219 606 Heu
242 553 385 624 qnantum
408 548 534 606 timuere
556 553 678 627 patres,
701 563 761 626 quo
782 553 918 625 tempore
940 542 1027 606 Vesta

197 634 299 714 Arsit,
322 641 352 694 et
375 641 421 694 est
442 635 531 694 tectis
554 631 660 695 obruta
681 650 776 712 paene
798 631 878 695 suist

154 720 328 800 Flagrabant
351 722 446 782 sancti
468 719 620 781 sceleratis
642 719 760 798 ignibus
782 722 884 801 ignes,

87 822 139 870 440
197 809 345 886 Mixtaque
369 815 433 868 erat
454 807 587 868 flammae
609 807 726 869 flamma
747 808 870 888 prolana
891 807 974 886 piae.

153 898 301 957 Attonitae
324 894 435 955 flebant
456 895 585 956 demisso
608 897 691 957 crine
714 897 883 957 ministrae:

198 983 367 1044 Abstulerat
389 984 467 1044 vires
490 985 624 1063 corporis
646 985 710 1063 ipse
733 985 839 1045 timor.

154 1071 290 1132 Provolat
310 1073 342 1131 in
366 1070 495 1132 medium
507 1116 517 1151 ,
541 1079 571 1133 et
592 1088 697 1150 magna
719 1067 902 1133 ‘succurrite
916 1065 942 1131 i'
965 1087 1036 1132 voce

199 1154 281 1218 ‘Non
303 1165 349 1218 est
372 1158 513 1220 auxilium
534 1154 622 1220 ssere'
645 1157 782 1220 Metellus
805 1161 861 1222 ait.

87 1260 139 1308 445
156 1243 298 1324 ‘Pignora
319 1247 460 1324 virgineis
482 1244 579 1307 fatalia
601 1246 694 1309 tollite
716 1244 838 1326 palmis!

198 1333 264 1394 Non
287 1352 320 1393 ea
344 1342 414 1396 sunt
436 1341 504 1394 voto
516 1379 525 1414 ‚
549 1333 601 1394 sed
623 1333 764 1414 rapienda
785 1332 891 1395 manui

153 1421 199 1481 lle
223 1420 387 1483 miserum!
420 1417 605 1483 dubitatisi’
629 1424 690 1484 ait.
731 1420 867 1484 dubitare
889 1418 1023 1501 videbat,

198 1508 237 1569 Et
258 1508 377 1589 pavidas
398 1512 495 1588 posito
517 1509 713 1589 procubuisse
735 1527 830 1590 genu.

154 1597 259 1658 Haurit
282 1615 373 1676 aquas
385 1644 394 1677 ‚
418 1596 584 1679 tollensque
605 1615 711 1660 manus
723 1645 733 1678 ,
755 1594 914 1678 ‘ignoscite
927 1592 953 1678 ,'
976 1595 1050 1659 dixit

87 1698 140 1746 454
200 1681 328 1746 ‘Sacrai
360 1686 404 1745 vir
426 1684 543 1747 intrabo
566 1703 626 1747 non
649 1685 782 1748 adeunda
804 1687 886 1747 viro.

156 1772 187 1833 Si
210 1773 307 1833 scelus
330 1780 377 1833 est
389 1819 399 1852 ,
420 1775 452 1833 in
474 1790 522 1834 me
545 1774 694 1836 commissi
715 1791 812 1854 poena
833 1772 996 1835 redundet:

200 1860 246 1921 Sit
268 1862 373 1940 capitis
395 1859 500 1922 damno
523 1861 616 1923 Roma
639 1861 734 1924 soluta
757 1857 848 1923 mei.'
929 1904 932 1908 -

155 1947 255 2029 Dixit,
279 1956 309 2008 et
330 1950 460 2029 irrupit.
501 1949 612 2011 iactum
634 1950 690 2011 dea
711 1957 795 2029 rapta
817 1947 969 2030 probavit,

198 2035 408 2115 Pontificisque
432 2039 479 2098 sui
501 2050 624 2101 munere
647 2046 711 2099 tuta
732 2038 807 2099 luit.

88 2135 140 2187 455
154 2124 240 2183 Nune
262 2123 338 2183 bene
361 2123 468 2183 lucetis
491 2140 592 2185 sacrae
613 2124 671 2186 sub
693 2124 818 2187 Caesare
839 2125 990 2188 fiammae:

199 2210 279 2289 Ignis
300 2212 333 2269 in
355 2207 451 2268 Iliacis
473 2226 553 2270 nunc
576 2212 635 2270 erit
656 2218 761 2290 estque
783 2212 875 2272 iocis.
922 2242 925 2247 ·

155 2297 299 2377 Nullaque
322 2297 438 2358 dicetur
461 2298 548 2358 vittas
569 2305 731 2359 temerasse
754 2296 891 2358 sacerdos

199 2387 262 2447 Hoc
285 2385 361 2446 duce
373 2431 383 2466 ,
405 2401 461 2446 nec
483 2387 547 2446 viva
570 2384 736 2446 deiodIetur
758 2382 866 2445 humo.
908 2414 911 2419 ν

157 2474 205 2535 Sic
228 2477 340 2534 incesta
364 2475 463 2554 perit,
486 2475 555 2551 quia
577 2490 666 2552 quam
688 2471 826 2554 violant,
848 2473 880 2532 ln
902 2469 979 2533 illam

90 2576 141 2624 454
201 2560 367 2641 Conditor,
390 2568 420 2621 et
442 2559 542 2623 Tellus
564 2560 711 2640 Vestaque
732 2576 844 2621 numen
865 2558 945 2621 idem
967 2566 1029 2620 est.

156 2650 232 2711 Tum
255 2648 312 2710 sibi
334 2646 460 2709 Callaico
482 2647 594 2711 Brutus
616 2664 779 2729 cognomen
802 2646 838 2708 ab
860 2646 947 2708 hoste

200 2737 284 2799 Fecit
295 2785 305 2820 ,
328 2746 359 2799 et
381 2736 540 2817 Hispanam
562 2739 705 2817 sanguine
726 2736 815 2799 tinxit
836 2734 976 2798 humum.

158 2824 277 2887 Scilicet
297 2825 448 2888 interdum
470 2827 633 2888 miscentur
655 2825 753 2886 tristia
774 2816 876 2905 idetis,

201 2911 262 2971 Nec
283 2913 427 2993 populum
448 2919 512 2974 toto
533 2921 654 2993 pectore
676 2912 751 2974 lecta
773 2913 891 2974 iurant.

92 3007 143 3056 455
159 2994 282 3056 Crassus
304 3001 341 3059 ad
362 3000 534 3080 Euphraten
556 3000 669 3081 aquilas
689 3009 852 3080 natumque
874 3014 1004 3080 cooequo

201 3082 356 3166 Perdidit,
377 3093 408 3147 et
428 3086 488 3150 leto
510 3100 556 3151 est
576 3089 700 3153 ultimus
721 3090 787 3167 ipse
808 3087 913 3149 datus.

160 3168 283 3232 ‘Parthe
295 3213 305 3250 ‚
327 3171 399 3250 quid
421 3171 578 3236 exultesi’
602 3175 677 3237 dixit
698 3174 754 3236 dea
776 3170 874 3255 ‘signa
897 3175 1048 3257 remittes,

203 3258 319 3336 Quique
342 3273 446 3321 necem
468 3258 567 3323 Crassi
587 3260 739 3345 vindicet,
761 3262 841 3326 ultor
863 3258 954 3324 erit.'
