2386 3892
461 183 510 233 111.
529 185 677 234 saa-405.
1007 178 1071 244 269

200 345 334 406 Decidit.
376 364 392 405 a
414 342 522 423 populo
546 344 655 404 clamor
679 344 714 403 ad
738 351 817 404 astra
840 344 939 404 venit.

88 447 141 496 375
157 433 245 493 Tollit
267 434 356 493 hrrmo
381 450 488 493 munais
513 450 597 492 caesa
620 434 703 510 prius
725 431 775 492 ille
797 433 939 512 iuvenca,

202 522 281 592 Quae
306 521 426 581 dederat
449 519 523 580 nulli
546 518 619 580 colla
641 519 802 599 premenda
824 521 914 600 iugo,

157 610 251 688 Atque
275 609 368 669 ancile
392 616 476 669 vocat
489 654 498 687 ,
522 608 601 686 quod
624 607 660 667 ab
683 609 764 668 omni
786 615 870 687 parte
894 608 1024 667 recisum

702 703 765 775 est,

202 785 323 863 Quaque
348 791 433 844 notes
457 783 572 863 oculis,
595 781 719 861 angulus
743 785 838 843 omnis
862 782 963 844 abest.

157 873 254 951 Tarm,
278 890 392 932 niemor
414 872 533 949 imperii
556 879 666 931 sortem
689 873 852 931 consistere
875 872 907 931 iu
929 869 998 948 illo,

90 974 143 1023 300
203 961 364 1020 Consilium
387 959 495 1020 meritae
519 958 685 1019 calliditatis
709 960 783 1020 init.

157 1049 245 1109 Plura
267 1048 350 1109 iubet
372 1049 437 1107 lieri
460 1045 549 1108 simili
572 1045 682 1108 caelata
705 1047 817 1127 ligura,

204 1137 295 1195 Error
318 1142 352 1196 ut
375 1142 442 1196 ante
466 1136 567 1196 oculos
590 1135 756 1196 insidiantis
780 1143 844 1195 eat.

158 1225 341 1303 Mamurius,
364 1241 480 1283 morum
503 1223 641 1283 fabraene
665 1225 794 1284 exactior
817 1223 906 1302 artis,

203 1310 326 1371 Difficile
351 1318 395 1371 est
417 1309 490 1370 illud
513 1311 634 1391 dicere,
658 1308 765 1371 clausit
786 1328 879 1388 opus.

91 1415 143 1464 335
160 1401 214 1461 Cui
237 1399 332 1459 Numa
355 1397 512 1458 munificus
536 1394 622 1459 ‘facti
645 1407 712 1477 pete
735 1399 865 1476 praemia
878 1393 903 1479 ,'
927 1396 1001 1456 dixit

204 1484 253 1547 ‘Si
276 1505 341 1547 mea
364 1494 432 1547 nota
456 1485 529 1546 fides
541 1532 551 1567 ‚
574 1487 662 1547 inrita
685 1484 765 1546 nulla
787 1479 905 1564 petes.’

159 1576 219 1636 lam
243 1575 365 1634 dederat
389 1573 474 1634 Saliis
498 1591 515 1632 a
537 1572 613 1634 saltu
636 1575 755 1635 uomina
778 1573 855 1634 dicta

203 1666 350 1741 Armaque
375 1661 462 1722 etad
487 1670 585 1722 certos
608 1661 696 1723 verba
720 1660 850 1722 cauenda
873 1661 992 1721 modos.

159 1752 235 1810 Tum
258 1753 300 1810 sic
323 1749 504 1810 Mamurius:
537 1744 669 1810 ‘merces
692 1749 765 1810 mihi
787 1747 878 1829 gloria
902 1749 1007 1827 detur,

93 1852 147 1901 330
206 1838 386 1916 Nominaque
410 1845 543 1898 extremo
567 1839 696 1898 carmine
720 1845 821 1898 nostra
844 1832 986 1899 sonent.'

161 1925 232 1984 lude
256 1926 422 1986 sacerdotes
446 1927 530 2004 operi
553 1928 698 2004 promissa
722 1933 837 1987 vetusto

204 2013 336 2073 Praemia
359 2012 552 2093 persolvunt,
575 2013 811 2093 Mamuriumque
834 2020 975 2074 vocant.v

160 2101 278 2161 Nubere
303 2103 386 2180 siqua
410 2101 488 2162 voles
501 2147 511 2182 ‚
535 2103 667 2179 quamvis
690 2100 888 2182 properabitis
911 2098 1014 2178 ambo,

205 2189 318 2268 Differ3
340 2188 450 2248 habent
472 2206 577 2267 parrae
601 2189 754 2250 commoda
776 2206 880 2267 magna
903 2192 1021 2248 morae:

94 2291 145 2340 395
161 2281 248 2337 Arma
273 2284 392 2336 movent
413 2293 549 2357 pugnas,
572 2294 670 2355 pugna
694 2285 740 2337 cst
762 2277 856 2337 aliena
878 2277 1010 2354 maritis5

205 2364 329 2425 Condita
351 2383 419 2424 cum
443 2364 554 2424 fuerint
566 2412 575 2444 ,
598 2367 696 2445 aptius
718 2381 805 2425 omen
829 2364 903 2423 erit.

161 2452 213 2512 llis
238 2454 327 2512 etiam
350 2453 478 2512 coniunx
502 2454 607 2530 apicati
630 2455 726 2513 cincta
749 2450 838 2512 Dialis

207 2539 336 2600 Lucibus
359 2543 480 2618 inpexas
503 2539 592 2601 debet
613 2538 722 2601 habere
746 2556 861 2599 comas.

363 2676 392 2742 2.
415 2674 475 2740 EF
520 2678 549 2742 3.
572 2675 630 2743 Fu
674 2677 706 2743 4.
729 2673 789 2741 00

161 2804 261 2864 Tertia
283 2822 341 2864 uox
365 2804 497 2865 dimensa
520 2821 589 2865 suos
613 2802 666 2865 ubi
688 2804 814 2864 moverit
836 2804 938 2884 ignes,

95 2906 146 2954 400
207 2891 348 2953 Conditus
372 2911 388 2952 e
411 2893 536 2970 geminis
559 2889 694 2951 Piscibus
717 2891 791 2953 alter
815 2893 888 2952 erit.

161 2979 235 3039 Nam
259 2981 317 3040 duo
341 2990 431 3061 sunt3
457 2979 565 3040 austris
589 2978 637 3039 hic
661 2988 728 3060 cst,
752 2975 939 3058 aquilonibus
962 2973 1010 3033 ille

205 3067 384 3130 Proximus.
424 3074 550 3128 evento
574 3085 682 3129 nomen
705 3075 832 3145 uterque
857 3069 955 3122 tenet.

518 3204 547 3268 5.
570 3202 634 3267 ΗΟ

163 3330 238 3392 Cum
262 3332 376 3391 croceis
399 3346 501 3391 rorare
524 3330 609 3407 genis
631 3324 769 3385 Tithonia
793 3323 922 3384 coniunx

207 3418 345 3497 Coeperit
368 3426 398 3478 et
420 3420 540 3496 quintae
564 3422 697 3491 tempora
720 3410 795 3471 lucis
819 3416 904 3489 aget,

95 3518 146 3566 405
163 3505 230 3565 Sive
253 3516 301 3567 est
321 3502 540 3582 Arctophylax,
564 3502 624 3560 sive
648 3505 694 3559 est
716 3500 800 3577 piger
822 3497 872 3559 illo
896 3493 1022 3575 Bootes,
