<?xml version="1.0" encoding="UTF-8"?>
<!DOCTYPE html PUBLIC "-//W3C//DTD XHTML 1.0 Transitional//EN"
    "http://www.w3.org/TR/xhtml1/DTD/xhtml1-transitional.dtd">
<html xmlns="http://www.w3.org/1999/xhtml" xml:lang="en" lang="en">
 <head>
  <title>
</title>
<meta http-equiv="Content-Type" content="text/html;charset=utf-8" />
  <meta name='ocr-system' content='tesseract 3.04.00' />
  <meta name='ocr-capabilities' content='ocr_page ocr_carea ocr_par ocr_line ocrx_word'/>
</head>
<body>
  <div class='ocr_page' id='page_1' title='image "./ovidiusexiterat00ovidgoog_0342.png"; bbox 0 0 2386 3892; ppageno 0'>
   <div class='ocr_carea' id='block_1_1' title="bbox 419 177 1028 242">
    <p class='ocr_par' dir='ltr' id='par_1_1' title="bbox 419 177 1028 242">
     <span class='ocr_line' id='line_1_1' title="bbox 419 177 1028 242; baseline 0.008 -16"><span class='ocrx_word' id='word_1_1' title='bbox 419 177 465 231; x_wconf 88' lang='lat' dir='ltr'><strong>IV.</strong></span> <span class='ocrx_word' id='word_1_2' title='bbox 485 180 633 230; x_wconf 72' lang='lat' dir='ltr'><strong>aro-281.</strong></span> <span class='ocrx_word' id='word_1_3' title='bbox 965 177 1028 242; x_wconf 86' lang='lat'><strong>291</strong></span> 
     </span>
    </p>
   </div>
   <div class='ocr_carea' id='block_1_2' title="bbox 116 310 1002 510">
    <p class='ocr_par' dir='ltr' id='par_1_2' title="bbox 116 310 1002 510">
     <span class='ocr_line' id='line_1_2' title="bbox 159 310 777 415; baseline 0.008 -19"><span class='ocrx_word' id='word_1_4' title='bbox 159 337 283 397; x_wconf 81' lang='lat' dir='ltr'>Reddita</span> <span class='ocrx_word' id='word_1_5' title='bbox 307 340 432 415; x_wconf 79' lang='lat' dir='ltr'><strong>quaesiti</strong></span> <span class='ocrx_word' id='word_1_6' title='bbox 455 357 542 399; x_wconf 90' lang='lat' dir='ltr'><strong>causa</strong></span> <span class='ocrx_word' id='word_1_7' title='bbox 566 310 675 400; x_wconf 73' lang='grc'>1550515</span> <span class='ocrx_word' id='word_1_8' title='bbox 699 347 777 401; x_wconf 89' lang='lat' dir='ltr'><strong>erat.</strong></span> 
     </span>
     <span class='ocr_line' id='line_1_3' title="bbox 116 421 1002 510; baseline 0.007 -27"><span class='ocrx_word' id='word_1_9' title='bbox 116 421 194 484; x_wconf 73' lang='lat' dir='ltr'><strong>‘hoc</strong></span> <span class='ocrx_word' id='word_1_10' title='bbox 218 444 335 503; x_wconf 89' lang='lat' dir='ltr'><strong>quoque</strong></span> <span class='ocrx_word' id='word_1_11' title='bbox 348 473 357 507; x_wconf 95' lang='lat'><strong>,</strong></span> <span class='ocrx_word' id='word_1_12' title='bbox 382 426 441 486; x_wconf 81' lang='lat' dir='ltr'><strong>drrx</strong></span> <span class='ocrx_word' id='word_1_13' title='bbox 465 430 585 505; x_wconf 89' lang='lat' dir='ltr'><strong>operis,</strong></span> <span class='ocrx_word' id='word_1_14' title='bbox 609 446 749 507; x_wconf 86' lang='lat' dir='ltr'><strong>moneas,</strong></span> <span class='ocrx_word' id='word_1_15' title='bbox 773 446 901 510; x_wconf 80' lang='lat' dir='ltr'><strong>precor,</strong></span> <span class='ocrx_word' id='word_1_16' title='bbox 924 428 1002 490; x_wconf 90' lang='lat' dir='ltr'><strong>unde</strong></span> 
     </span>
    </p>
   </div>
   <div class='ocr_carea' id='block_1_3' title="bbox 62 518 1025 3570">
    <p class='ocr_par' dir='ltr' id='par_1_3' title="bbox 62 518 1025 3570">
     <span class='ocr_line' id='line_1_4' title="bbox 660 518 749 594; baseline 0.011 -19"><span class='ocrx_word' id='word_1_17' title='bbox 660 518 749 594; x_wconf 89' lang='lat' dir='ltr'><strong>petita</strong></span> 
     </span>
     <span class='ocr_line' id='line_1_5' title="bbox 159 598 917 679; baseline 0.007 -20"><span class='ocrx_word' id='word_1_18' title='bbox 159 600 299 660; x_wconf 77' lang='lat' dir='ltr'><strong>Venerit.</strong></span> <span class='ocrx_word' id='word_1_19' title='bbox 342 619 378 660; x_wconf 93' lang='lat' dir='ltr'><strong>an</strong></span> <span class='ocrx_word' id='word_1_20' title='bbox 402 608 502 660; x_wconf 92' lang='lat' dir='ltr'><strong>nostra</strong></span> <span class='ocrx_word' id='word_1_21' title='bbox 526 619 642 679; x_wconf 82' lang='lat' dir='ltr'><strong>semper</strong></span> <span class='ocrx_word' id='word_1_22' title='bbox 664 606 695 663; x_wconf 91' lang='lat' dir='ltr'><strong>in</strong></span> <span class='ocrx_word' id='word_1_23' title='bbox 718 603 797 663; x_wconf 82' lang='lat' dir='ltr'><strong>Urbe</strong></span> <span class='ocrx_word' id='word_1_24' title='bbox 820 598 917 664; x_wconf 79' lang='lat' dir='ltr'><strong>tuitt&#39;</strong></span> 
     </span>
     <span class='ocr_line' id='line_1_6' title="bbox 115 685 975 766; baseline 0.005 -19"><span class='ocrx_word' id='word_1_25' title='bbox 115 685 295 766; x_wconf 76' lang='lat' dir='ltr'><strong>‘Dindymon</strong></span> <span class='ocrx_word' id='word_1_26' title='bbox 320 696 349 748; x_wconf 89' lang='lat' dir='ltr'><strong>et</strong></span> <span class='ocrx_word' id='word_1_27' title='bbox 372 688 500 766; x_wconf 80' lang='lat' dir='ltr'><strong>Cybelen</strong></span> <span class='ocrx_word' id='word_1_28' title='bbox 524 698 554 749; x_wconf 91' lang='lat' dir='ltr'><strong>et</strong></span> <span class='ocrx_word' id='word_1_29' title='bbox 576 708 728 749; x_wconf 82' lang='lat' dir='ltr'><strong>amoenam</strong></span> <span class='ocrx_word' id='word_1_30' title='bbox 751 690 880 751; x_wconf 83' lang='lat' dir='ltr'><strong>sontibus</strong></span> <span class='ocrx_word' id='word_1_31' title='bbox 904 690 975 752; x_wconf 88' lang='lat' dir='ltr'><strong>ldeu</strong></span> 
     </span>
     <span class='ocr_line' id='line_1_7' title="bbox 64 775 816 856; baseline 0.001 -19"><span class='ocrx_word' id='word_1_32' title='bbox 64 790 99 837; x_wconf 99' lang='grc'><strong>50</strong></span> <span class='ocrx_word' id='word_1_33' title='bbox 160 776 282 854; x_wconf 86' lang='lat' dir='ltr'><strong>Semper</strong></span> <span class='ocrx_word' id='word_1_34' title='bbox 307 785 336 836; x_wconf 90' lang='lat' dir='ltr'><strong>et</strong></span> <span class='ocrx_word' id='word_1_35' title='bbox 359 776 460 836; x_wconf 86' lang='lat' dir='ltr'><strong>iliacas</strong></span> <span class='ocrx_word' id='word_1_36' title='bbox 484 775 577 836; x_wconf 86' lang='lat' dir='ltr'><strong>Mater</strong></span> <span class='ocrx_word' id='word_1_37' title='bbox 599 780 706 837; x_wconf 85' lang='lat' dir='ltr'><strong>amavit</strong></span> <span class='ocrx_word' id='word_1_38' title='bbox 728 796 816 856; x_wconf 88' lang='lat' dir='ltr'><strong>opes:</strong></span> 
     </span>
     <span class='ocr_line' id='line_1_8' title="bbox 114 863 910 946; baseline 0.003 -22"><span class='ocrx_word' id='word_1_39' title='bbox 114 864 188 924; x_wconf 90' lang='lat' dir='ltr'><strong>Cum</strong></span> <span class='ocrx_word' id='word_1_40' title='bbox 212 864 330 923; x_wconf 87' lang='lat' dir='ltr'><strong>Troiam</strong></span> <span class='ocrx_word' id='word_1_41' title='bbox 353 864 465 924; x_wconf 82' lang='lat' dir='ltr'><strong>Aeneas</strong></span> <span class='ocrx_word' id='word_1_42' title='bbox 487 863 576 924; x_wconf 87' lang='lat' dir='ltr'><strong>Italos</strong></span> <span class='ocrx_word' id='word_1_43' title='bbox 599 873 730 943; x_wconf 89' lang='lat' dir='ltr'><strong>portaret</strong></span> <span class='ocrx_word' id='word_1_44' title='bbox 753 869 783 924; x_wconf 94' lang='lat' dir='ltr'><strong>in</strong></span> <span class='ocrx_word' id='word_1_45' title='bbox 807 884 910 946; x_wconf 88' lang='lat' dir='ltr'><strong>agros,</strong></span> 
     </span>
     <span class='ocr_line' id='line_1_9' title="bbox 158 951 826 1033; baseline 0.006 -24"><span class='ocrx_word' id='word_1_46' title='bbox 158 951 212 1010; x_wconf 88' lang='lat' dir='ltr'><strong>Est</strong></span> <span class='ocrx_word' id='word_1_47' title='bbox 235 951 289 1010; x_wconf 91' lang='lat' dir='ltr'><strong>dea</strong></span> <span class='ocrx_word' id='word_1_48' title='bbox 312 951 467 1011; x_wconf 81' lang='lat' dir='ltr'><strong>sacriferas</strong></span> <span class='ocrx_word' id='word_1_49' title='bbox 489 969 581 1029; x_wconf 90' lang='lat' dir='ltr'><strong>paene</strong></span> <span class='ocrx_word' id='word_1_50' title='bbox 606 961 705 1013; x_wconf 90' lang='lat' dir='ltr'><strong>secuta</strong></span> <span class='ocrx_word' id='word_1_51' title='bbox 729 962 826 1033; x_wconf 87' lang='lat' dir='ltr'><strong>rates,</strong></span> 
     </span>
     <span class='ocr_line' id='line_1_10' title="bbox 115 1038 847 1120; baseline 0.005 -23"><span class='ocrx_word' id='word_1_52' title='bbox 115 1038 173 1098; x_wconf 91' lang='lat' dir='ltr'><strong>Sed</strong></span> <span class='ocrx_word' id='word_1_53' title='bbox 196 1039 325 1099; x_wconf 92' lang='lat' dir='ltr'><strong>nondum</strong></span> <span class='ocrx_word' id='word_1_54' title='bbox 349 1040 416 1098; x_wconf 88' lang='lat' dir='ltr'><strong>satis</strong></span> <span class='ocrx_word' id='word_1_55' title='bbox 439 1038 522 1099; x_wconf 92' lang='lat' dir='ltr'><strong>Latio</strong></span> <span class='ocrx_word' id='word_1_56' title='bbox 546 1057 598 1100; x_wconf 86' lang='lat' dir='ltr'><strong>sua</strong></span> <span class='ocrx_word' id='word_1_57' title='bbox 622 1042 741 1100; x_wconf 91' lang='lat' dir='ltr'><strong>numina</strong></span> <span class='ocrx_word' id='word_1_58' title='bbox 763 1042 847 1120; x_wconf 90' lang='lat' dir='ltr'><strong>posci</strong></span> 
     </span>
     <span class='ocr_line' id='line_1_11' title="bbox 158 1125 838 1207; baseline 0.006 -22"><span class='ocrx_word' id='word_1_59' title='bbox 158 1125 319 1206; x_wconf 86' lang='lat' dir='ltr'><strong>Senserat,</strong></span> <span class='ocrx_word' id='word_1_60' title='bbox 342 1126 471 1186; x_wconf 91' lang='lat' dir='ltr'><strong>adsuetis</strong></span> <span class='ocrx_word' id='word_1_61' title='bbox 495 1126 726 1207; x_wconf 79' lang='lat' dir='ltr'><strong>substiteratque</strong></span> <span class='ocrx_word' id='word_1_62' title='bbox 748 1127 838 1189; x_wconf 90' lang='lat' dir='ltr'><strong>locis.</strong></span> 
     </span>
     <span class='ocr_line' id='line_1_12' title="bbox 65 1212 1008 1296; baseline 0.004 -22"><span class='ocrx_word' id='word_1_63' title='bbox 65 1227 99 1274; x_wconf 84' lang='lat'><strong>55</strong></span> <span class='ocrx_word' id='word_1_64' title='bbox 115 1214 206 1293; x_wconf 92' lang='lat' dir='ltr'><strong>Post,</strong></span> <span class='ocrx_word' id='word_1_65' title='bbox 229 1223 263 1274; x_wconf 93' lang='lat' dir='ltr'><strong>ut</strong></span> <span class='ocrx_word' id='word_1_66' title='bbox 285 1214 377 1274; x_wconf 88' lang='lat' dir='ltr'><strong>Roma</strong></span> <span class='ocrx_word' id='word_1_67' title='bbox 400 1223 505 1292; x_wconf 91' lang='lat' dir='ltr'><strong>potens</strong></span> <span class='ocrx_word' id='word_1_68' title='bbox 528 1212 633 1292; x_wconf 90' lang='lat' dir='ltr'><strong>opibus</strong></span> <span class='ocrx_word' id='word_1_69' title='bbox 656 1217 711 1275; x_wconf 91' lang='lat' dir='ltr'><strong>iam</strong></span> <span class='ocrx_word' id='word_1_70' title='bbox 736 1216 851 1276; x_wconf 87' lang='lat' dir='ltr'><strong>saecula</strong></span> <span class='ocrx_word' id='word_1_71' title='bbox 878 1219 1008 1296; x_wconf 86' lang='lat' dir='ltr'><strong>quinque</strong></span> 
     </span>
     <span class='ocr_line' id='line_1_13' title="bbox 158 1300 826 1382; baseline 0.004 -22"><span class='ocrx_word' id='word_1_72' title='bbox 158 1300 257 1382; x_wconf 84' lang='lat' dir='ltr'><strong>Vidit,</strong></span> <span class='ocrx_word' id='word_1_73' title='bbox 281 1311 310 1361; x_wconf 93' lang='lat' dir='ltr'><strong>et</strong></span> <span class='ocrx_word' id='word_1_74' title='bbox 333 1301 460 1361; x_wconf 90' lang='lat' dir='ltr'><strong>edomito</strong></span> <span class='ocrx_word' id='word_1_75' title='bbox 485 1302 612 1362; x_wconf 87' lang='lat' dir='ltr'><strong>sustulit·</strong></span> <span class='ocrx_word' id='word_1_76' title='bbox 626 1300 697 1362; x_wconf 89' lang='lat' dir='ltr'><strong>orbe</strong></span> <span class='ocrx_word' id='word_1_77' title='bbox 721 1312 826 1382; x_wconf 91' lang='lat' dir='ltr'><strong>caput,</strong></span> 
     </span>
     <span class='ocr_line' id='line_1_14' title="bbox 115 1387 796 1451; baseline 0.001 -2"><span class='ocrx_word' id='word_1_78' title='bbox 115 1389 258 1449; x_wconf 86' lang='lat' dir='ltr'><strong>Carminis</strong></span> <span class='ocrx_word' id='word_1_79' title='bbox 281 1387 405 1449; x_wconf 89' lang='lat' dir='ltr'><strong>Euboici</strong></span> <span class='ocrx_word' id='word_1_80' title='bbox 428 1389 523 1449; x_wconf 86' lang='lat' dir='ltr'><strong>satalia</strong></span> <span class='ocrx_word' id='word_1_81' title='bbox 547 1388 636 1450; x_wconf 89' lang='lat' dir='ltr'><strong>verba</strong></span> <span class='ocrx_word' id='word_1_82' title='bbox 659 1391 796 1451; x_wconf 87' lang='lat' dir='ltr'><strong>sacerdos</strong></span> 
     </span>
     <span class='ocr_line' id='line_1_15' title="bbox 157 1476 823 1557; baseline 0.005 -21"><span class='ocrx_word' id='word_1_83' title='bbox 157 1478 300 1557; x_wconf 82' lang='lat' dir='ltr'><strong>Inspicit3</strong></span> <span class='ocrx_word' id='word_1_84' title='bbox 323 1479 490 1556; x_wconf 91' lang='lat' dir='ltr'><strong>inspectum</strong></span> <span class='ocrx_word' id='word_1_85' title='bbox 512 1476 568 1537; x_wconf 92' lang='grc'>5515</span> <span class='ocrx_word' id='word_1_86' title='bbox 593 1478 683 1538; x_wconf 83' lang='grc'>151555</span> <span class='ocrx_word' id='word_1_87' title='bbox 707 1478 823 1540; x_wconf 84' lang='lat' dir='ltr'><strong>terunt:</strong></span> 
     </span>
     <span class='ocr_line' id='line_1_16' title="bbox 115 1560 993 1646; baseline 0.005 -22"><span class='ocrx_word' id='word_1_88' title='bbox 115 1560 234 1624; x_wconf 76' lang='lat' dir='ltr'><strong>“Mater</strong></span> <span class='ocrx_word' id='word_1_89' title='bbox 258 1564 357 1625; x_wconf 88' lang='lat' dir='ltr'><strong>abest:</strong></span> <span class='ocrx_word' id='word_1_90' title='bbox 388 1565 511 1624; x_wconf 88' lang='lat' dir='ltr'><strong>Matrem</strong></span> <span class='ocrx_word' id='word_1_91' title='bbox 534 1564 644 1646; x_wconf 90' lang='lat' dir='ltr'><strong>iubeo,</strong></span> <span class='ocrx_word' id='word_1_92' title='bbox 667 1565 797 1627; x_wconf 83' lang='lat' dir='ltr'><strong>Romane</strong></span> <span class='ocrx_word' id='word_1_93' title='bbox 810 1611 819 1645; x_wconf 96' lang='lat'><strong>,</strong></span> <span class='ocrx_word' id='word_1_94' title='bbox 843 1569 993 1645; x_wconf 87' lang='lat' dir='ltr'><strong>requiras.</strong></span> 
     </span>
     <span class='ocr_line' id='line_1_17' title="bbox 64 1651 888 1731; baseline 0.001 -18"><span class='ocrx_word' id='word_1_95' title='bbox 64 1664 98 1713; x_wconf 84' lang='grc'><strong>50</strong></span> <span class='ocrx_word' id='word_1_96' title='bbox 158 1652 231 1712; x_wconf 92' lang='lat' dir='ltr'><strong>Cum</strong></span> <span class='ocrx_word' id='word_1_97' title='bbox 255 1655 372 1731; x_wconf 90' lang='lat' dir='ltr'><strong>veniet,</strong></span> <span class='ocrx_word' id='word_1_98' title='bbox 397 1661 476 1713; x_wconf 90' lang='lat' dir='ltr'><strong>casta</strong></span> <span class='ocrx_word' id='word_1_99' title='bbox 499 1661 545 1713; x_wconf 88' lang='grc'><strong>555</strong></span> <span class='ocrx_word' id='word_1_100' title='bbox 567 1653 735 1731; x_wconf 88' lang='lat' dir='ltr'><strong>accipienda</strong></span> <span class='ocrx_word' id='word_1_101' title='bbox 759 1651 888 1714; x_wconf 90' lang='lat' dir='ltr'><strong>manu.&#39;&#39;</strong></span> 
     </span>
     <span class='ocr_line' id='line_1_18' title="bbox 113 1739 832 1822; baseline 0.006 -24"><span class='ocrx_word' id='word_1_102' title='bbox 113 1739 264 1800; x_wconf 85' lang='lat' dir='ltr'><strong>Obscurae</strong></span> <span class='ocrx_word' id='word_1_103' title='bbox 288 1742 376 1801; x_wconf 89' lang='lat' dir='ltr'><strong>sortis</strong></span> <span class='ocrx_word' id='word_1_104' title='bbox 399 1752 499 1820; x_wconf 90' lang='lat' dir='ltr'><strong>patres</strong></span> <span class='ocrx_word' id='word_1_105' title='bbox 522 1739 692 1819; x_wconf 89' lang='lat' dir='ltr'><strong>ambagibus</strong></span> <span class='ocrx_word' id='word_1_106' title='bbox 715 1750 832 1822; x_wconf 89' lang='lat' dir='ltr'><strong>errant,</strong></span> 
     </span>
     <span class='ocr_line' id='line_1_19' title="bbox 159 1827 894 1909; baseline 0.008 -24"><span class='ocrx_word' id='word_1_107' title='bbox 159 1827 274 1895; x_wconf 81' lang='lat' dir='ltr'><strong>Quaeve</strong></span> <span class='ocrx_word' id='word_1_108' title='bbox 298 1846 404 1905; x_wconf 91' lang='lat' dir='ltr'><strong>parens</strong></span> <span class='ocrx_word' id='word_1_109' title='bbox 427 1828 524 1906; x_wconf 92' lang='lat' dir='ltr'><strong>absit,</strong></span> <span class='ocrx_word' id='word_1_110' title='bbox 548 1848 641 1907; x_wconf 90' lang='lat' dir='ltr'><strong>quove</strong></span> <span class='ocrx_word' id='word_1_111' title='bbox 664 1830 790 1909; x_wconf 90' lang='lat' dir='ltr'><strong>petenda</strong></span> <span class='ocrx_word' id='word_1_112' title='bbox 813 1830 894 1891; x_wconf 91' lang='lat' dir='ltr'><strong>loco.</strong></span> 
     </span>
     <span class='ocr_line' id='line_1_20' title="bbox 114 1911 1024 1999; baseline 0.005 -25"><span class='ocrx_word' id='word_1_113' title='bbox 114 1913 284 1975; x_wconf 81' lang='lat' dir='ltr'><strong>Consulitur</strong></span> <span class='ocrx_word' id='word_1_114' title='bbox 302 1914 419 1997; x_wconf 90' lang='lat' dir='ltr'><strong>Paean,</strong></span> <span class='ocrx_word' id='word_1_115' title='bbox 438 1911 648 1997; x_wconf 62' lang='lat' dir='ltr'><strong>“divumque</strong></span> <span class='ocrx_word' id='word_1_116' title='bbox 673 1913 839 1979; x_wconf 78' lang='lat' dir='ltr'><strong>“arcessite</strong></span> <span class='ocrx_word' id='word_1_117' title='bbox 860 1918 981 1979; x_wconf 89' lang='lat' dir='ltr'><strong>Matrem</strong></span> <span class='ocrx_word' id='word_1_118' title='bbox 991 1913 1024 1999; x_wconf 87' lang='lat'><strong>‚&#39;’</strong></span> 
     </span>
     <span class='ocr_line' id='line_1_21' title="bbox 157 1998 843 2084; baseline 0.009 -23"><span class='ocrx_word' id='word_1_119' title='bbox 157 2002 252 2080; x_wconf 90' lang='lat' dir='ltr'><strong>lnquit</strong></span> <span class='ocrx_word' id='word_1_120' title='bbox 275 1998 333 2063; x_wconf 76' lang='lat' dir='ltr'><strong>“in</strong></span> <span class='ocrx_word' id='word_1_121' title='bbox 356 2003 441 2064; x_wconf 86' lang='lat' dir='ltr'><strong>idaeo</strong></span> <span class='ocrx_word' id='word_1_122' title='bbox 465 2012 511 2064; x_wconf 88' lang='grc'><strong>555</strong></span> <span class='ocrx_word' id='word_1_123' title='bbox 533 2006 706 2066; x_wconf 88' lang='lat' dir='ltr'><strong>invenienda</strong></span> <span class='ocrx_word' id='word_1_124' title='bbox 729 2001 843 2084; x_wconf 90' lang='lat' dir='ltr'><strong>iugo.&#39;&#39;</strong></span> 
     </span>
     <span class='ocr_line' id='line_1_22' title="bbox 64 2089 1025 2173; baseline 0.003 -22"><span class='ocrx_word' id='word_1_125' title='bbox 64 2103 96 2151; x_wconf 86' lang='grc'><strong>05</strong></span> <span class='ocrx_word' id='word_1_126' title='bbox 112 2089 270 2150; x_wconf 88' lang='lat' dir='ltr'><strong>Mittuntur</strong></span> <span class='ocrx_word' id='word_1_127' title='bbox 292 2110 453 2170; x_wconf 84' lang='lat' dir='ltr'><strong>proceres.</strong></span> <span class='ocrx_word' id='word_1_128' title='bbox 494 2091 638 2172; x_wconf 89' lang='lat' dir='ltr'><strong>Phrygiae</strong></span> <span class='ocrx_word' id='word_1_129' title='bbox 666 2101 737 2154; x_wconf 92' lang='lat' dir='ltr'><strong>tunc</strong></span> <span class='ocrx_word' id='word_1_130' title='bbox 765 2103 881 2173; x_wconf 91' lang='lat' dir='ltr'><strong>sceptra</strong></span> <span class='ocrx_word' id='word_1_131' title='bbox 905 2093 1025 2155; x_wconf 89' lang='lat' dir='ltr'><strong>tenebat</strong></span> 
     </span>
     <span class='ocr_line' id='line_1_23' title="bbox 155 2177 839 2258; baseline 0.007 -22"><span class='ocrx_word' id='word_1_132' title='bbox 155 2177 292 2239; x_wconf 79' lang='lat' dir='ltr'><strong>Attalus:</strong></span> <span class='ocrx_word' id='word_1_133' title='bbox 324 2178 461 2238; x_wconf 81' lang='lat' dir='ltr'><strong>Ausoniis</strong></span> <span class='ocrx_word' id='word_1_134' title='bbox 484 2198 547 2239; x_wconf 90' lang='lat' dir='ltr'><strong>rem</strong></span> <span class='ocrx_word' id='word_1_135' title='bbox 571 2189 658 2258; x_wconf 86' lang='lat' dir='ltr'><strong>negat</strong></span> <span class='ocrx_word' id='word_1_136' title='bbox 680 2181 728 2241; x_wconf 89' lang='lat' dir='ltr'><strong>iile</strong></span> <span class='ocrx_word' id='word_1_137' title='bbox 752 2184 839 2242; x_wconf 88' lang='lat' dir='ltr'><strong>viris.</strong></span> 
     </span>
     <span class='ocr_line' id='line_1_24' title="bbox 111 2264 996 2346; baseline 0.003 -22"><span class='ocrx_word' id='word_1_138' title='bbox 111 2265 184 2325; x_wconf 90' lang='lat' dir='ltr'><strong>Mira</strong></span> <span class='ocrx_word' id='word_1_139' title='bbox 207 2283 330 2325; x_wconf 90' lang='lat' dir='ltr'><strong>canam.</strong></span> <span class='ocrx_word' id='word_1_140' title='bbox 372 2264 458 2344; x_wconf 91' lang='lat' dir='ltr'><strong>longo</strong></span> <span class='ocrx_word' id='word_1_141' title='bbox 481 2270 603 2328; x_wconf 91' lang='lat' dir='ltr'><strong>tremuit</strong></span> <span class='ocrx_word' id='word_1_142' title='bbox 626 2286 694 2327; x_wconf 93' lang='lat' dir='ltr'><strong>cum</strong></span> <span class='ocrx_word' id='word_1_143' title='bbox 716 2286 867 2328; x_wconf 89' lang='lat' dir='ltr'><strong>murmure</strong></span> <span class='ocrx_word' id='word_1_144' title='bbox 891 2267 996 2346; x_wconf 90' lang='lat' dir='ltr'><strong>tellus,</strong></span> 
     </span>
     <span class='ocr_line' id='line_1_25' title="bbox 155 2352 753 2433; baseline 0.005 -21"><span class='ocrx_word' id='word_1_145' title='bbox 155 2352 193 2413; x_wconf 86' lang='lat' dir='ltr'><strong>Et</strong></span> <span class='ocrx_word' id='word_1_146' title='bbox 216 2355 259 2413; x_wconf 92' lang='lat' dir='ltr'><strong>sio</strong></span> <span class='ocrx_word' id='word_1_147' title='bbox 283 2361 328 2413; x_wconf 90' lang='lat' dir='ltr'><strong>est</strong></span> <span class='ocrx_word' id='word_1_148' title='bbox 350 2353 443 2433; x_wconf 83' lang='lat' dir='ltr'><strong>adytis</strong></span> <span class='ocrx_word' id='word_1_149' title='bbox 467 2354 532 2415; x_wconf 85' lang='lat' dir='ltr'><strong>diva</strong></span> <span class='ocrx_word' id='word_1_150' title='bbox 555 2355 651 2415; x_wconf 83' lang='lat' dir='ltr'><strong>locuta</strong></span> <span class='ocrx_word' id='word_1_151' title='bbox 675 2357 753 2416; x_wconf 90' lang='lat' dir='ltr'><strong>suis:</strong></span> 
     </span>
     <span class='ocr_line' id='line_1_26' title="bbox 111 2436 986 2519; baseline 0.003 -20"><span class='ocrx_word' id='word_1_152' title='bbox 111 2436 204 2518; x_wconf 81' lang='lat' dir='ltr'><strong>“ipsa</strong></span> <span class='ocrx_word' id='word_1_153' title='bbox 227 2443 288 2519; x_wconf 90' lang='lat' dir='ltr'><strong>peti</strong></span> <span class='ocrx_word' id='word_1_154' title='bbox 311 2440 411 2501; x_wconf 89' lang='lat' dir='ltr'><strong>volui.</strong></span> <span class='ocrx_word' id='word_1_155' title='bbox 452 2459 489 2502; x_wconf 90' lang='grc'><strong>55</strong></span> <span class='ocrx_word' id='word_1_156' title='bbox 512 2444 552 2503; x_wconf 84' lang='grc'><strong>515</strong></span> <span class='ocrx_word' id='word_1_157' title='bbox 573 2461 676 2503; x_wconf 90' lang='lat' dir='ltr'><strong>mora.</strong></span> <span class='ocrx_word' id='word_1_158' title='bbox 717 2445 801 2502; x_wconf 90' lang='lat' dir='ltr'><strong>mitte</strong></span> <span class='ocrx_word' id='word_1_159' title='bbox 825 2441 986 2502; x_wconf 80' lang='lat' dir='ltr'><strong>volentem.</strong></span> 
     </span>
     <span class='ocr_line' id='line_1_27' title="bbox 62 2523 922 2608; baseline -0.001 -19"><span class='ocrx_word' id='word_1_160' title='bbox 62 2543 95 2589; x_wconf 81' lang='grc'><strong>50</strong></span> <span class='ocrx_word' id='word_1_161' title='bbox 155 2528 266 2606; x_wconf 85' lang='lat' dir='ltr'><strong>Dignus</strong></span> <span class='ocrx_word' id='word_1_162' title='bbox 289 2528 381 2588; x_wconf 88' lang='lat' dir='ltr'><strong>Roma</strong></span> <span class='ocrx_word' id='word_1_163' title='bbox 404 2528 486 2588; x_wconf 87' lang='grc'>15555</span> <span class='ocrx_word' id='word_1_164' title='bbox 499 2576 508 2608; x_wconf 85' lang='grc'>,</span> <span class='ocrx_word' id='word_1_165' title='bbox 531 2548 590 2608; x_wconf 92' lang='lat' dir='ltr'><strong>quo</strong></span> <span class='ocrx_word' id='word_1_166' title='bbox 614 2531 687 2590; x_wconf 91' lang='lat' dir='ltr'><strong>deus</strong></span> <span class='ocrx_word' id='word_1_167' title='bbox 710 2530 805 2590; x_wconf 92' lang='lat' dir='ltr'><strong>omnis</strong></span> <span class='ocrx_word' id='word_1_168' title='bbox 828 2523 922 2588; x_wconf 87' lang='lat' dir='ltr'><strong>eat.&#39;&#39;</strong></span> 
     </span>
     <span class='ocr_line' id='line_1_28' title="bbox 109 2612 906 2696; baseline 0.004 -22"><span class='ocrx_word' id='word_1_169' title='bbox 109 2615 159 2676; x_wconf 90' lang='grc'>1115</span> <span class='ocrx_word' id='word_1_170' title='bbox 185 2618 249 2676; x_wconf 93' lang='lat' dir='ltr'><strong>soni</strong></span> <span class='ocrx_word' id='word_1_171' title='bbox 272 2626 387 2695; x_wconf 80' lang='lat' dir='ltr'><strong>terrore</strong></span> <span class='ocrx_word' id='word_1_172' title='bbox 410 2634 518 2694; x_wconf 90' lang='lat' dir='ltr'><strong>pavens</strong></span> <span class='ocrx_word' id='word_1_173' title='bbox 543 2613 757 2696; x_wconf 76' lang='lat' dir='ltr'><strong>“proficiscere</strong></span> <span class='ocrx_word' id='word_1_174' title='bbox 772 2612 808 2695; x_wconf 92' lang='lat'><strong>‚&#39;&#39;</strong></span> <span class='ocrx_word' id='word_1_175' title='bbox 832 2617 906 2677; x_wconf 84' lang='lat' dir='ltr'><strong>dixit</strong></span> 
     </span>
     <span class='ocr_line' id='line_1_29' title="bbox 154 2699 1021 2784; baseline 0.006 -22"><span class='ocrx_word' id='word_1_176' title='bbox 154 2699 289 2764; x_wconf 77' lang='lat' dir='ltr'><strong>“Nostra</strong></span> <span class='ocrx_word' id='word_1_177' title='bbox 313 2707 393 2765; x_wconf 86' lang='lat' dir='ltr'><strong>eris:</strong></span> <span class='ocrx_word' id='word_1_178' title='bbox 424 2706 455 2764; x_wconf 92' lang='lat' dir='ltr'><strong>in</strong></span> <span class='ocrx_word' id='word_1_179' title='bbox 477 2704 621 2784; x_wconf 88' lang='lat' dir='ltr'><strong>Phrygios</strong></span> <span class='ocrx_word' id='word_1_180' title='bbox 644 2705 736 2765; x_wconf 90' lang='lat' dir='ltr'><strong>Roma</strong></span> <span class='ocrx_word' id='word_1_181' title='bbox 759 2704 888 2765; x_wconf 86' lang='grc'>55155555</span> <span class='ocrx_word' id='word_1_182' title='bbox 910 2699 1021 2767; x_wconf 80' lang='grc'>5505.”</span> 
     </span>
     <span class='ocr_line' id='line_1_30' title="bbox 108 2790 895 2871; baseline 0.005 -21"><span class='ocrx_word' id='word_1_183' title='bbox 108 2790 248 2851; x_wconf 88' lang='lat' dir='ltr'><strong>Protinus</strong></span> <span class='ocrx_word' id='word_1_184' title='bbox 272 2794 443 2852; x_wconf 90' lang='lat' dir='ltr'><strong>innumerae</strong></span> <span class='ocrx_word' id='word_1_185' title='bbox 467 2793 594 2852; x_wconf 90' lang='lat' dir='ltr'><strong>caedunt</strong></span> <span class='ocrx_word' id='word_1_186' title='bbox 616 2795 716 2871; x_wconf 90' lang='lat' dir='ltr'><strong>pineta</strong></span> <span class='ocrx_word' id='word_1_187' title='bbox 738 2811 860 2854; x_wconf 86' lang='lat' dir='ltr'><strong>secures</strong></span> <span class='ocrx_word' id='word_1_188' title='bbox 892 2822 895 2827; x_wconf 94' lang='lat'>·</span> 
     </span>
     <span class='ocr_line' id='line_1_31' title="bbox 152 2878 903 2958; baseline 0.008 -22"><span class='ocrx_word' id='word_1_189' title='bbox 152 2878 203 2937; x_wconf 88' lang='lat' dir='ltr'><strong>illa</strong></span> <span class='ocrx_word' id='word_1_190' title='bbox 216 2925 225 2958; x_wconf 94' lang='lat'><strong>,</strong></span> <span class='ocrx_word' id='word_1_191' title='bbox 248 2879 355 2958; x_wconf 90' lang='lat' dir='ltr'><strong>quibus</strong></span> <span class='ocrx_word' id='word_1_192' title='bbox 379 2881 494 2958; x_wconf 80' lang='lat' dir='ltr'><strong>fugiens</strong></span> <span class='ocrx_word' id='word_1_193' title='bbox 517 2879 615 2958; x_wconf 84' lang='lat' dir='ltr'><strong>Phryx</strong></span> <span class='ocrx_word' id='word_1_194' title='bbox 637 2883 705 2958; x_wconf 92' lang='lat' dir='ltr'><strong>pius</strong></span> <span class='ocrx_word' id='word_1_195' title='bbox 729 2899 800 2942; x_wconf 90' lang='grc'>5555</span> <span class='ocrx_word' id='word_1_196' title='bbox 824 2889 903 2943; x_wconf 87' lang='grc'>5555.</span> 
     </span>
     <span class='ocr_line' id='line_1_32' title="bbox 62 2966 890 3045; baseline 0.001 -18"><span class='ocrx_word' id='word_1_197' title='bbox 62 2978 92 3027; x_wconf 78' lang='grc'><strong>75</strong></span> <span class='ocrx_word' id='word_1_198' title='bbox 107 2966 185 3025; x_wconf 90' lang='lat' dir='ltr'><strong>Mille</strong></span> <span class='ocrx_word' id='word_1_199' title='bbox 210 2985 313 3027; x_wconf 91' lang='lat' dir='ltr'><strong>manus</strong></span> <span class='ocrx_word' id='word_1_200' title='bbox 337 2974 466 3045; x_wconf 89' lang='lat' dir='ltr'><strong>coeunt,</strong></span> <span class='ocrx_word' id='word_1_201' title='bbox 490 2976 520 3027; x_wconf 90' lang='grc'><strong>55</strong></span> <span class='ocrx_word' id='word_1_202' title='bbox 542 2969 619 3044; x_wconf 90' lang='lat' dir='ltr'><strong>picta</strong></span> <span class='ocrx_word' id='word_1_203' title='bbox 643 2968 792 3029; x_wconf 86' lang='lat' dir='ltr'><strong>coloribus</strong></span> <span class='ocrx_word' id='word_1_204' title='bbox 816 2971 890 3029; x_wconf 90' lang='lat' dir='ltr'><strong>ustis</strong></span> 
     </span>
     <span class='ocr_line' id='line_1_33' title="bbox 153 3053 945 3135; baseline 0.003 -23"><span class='ocrx_word' id='word_1_205' title='bbox 153 3053 317 3116; x_wconf 86' lang='lat' dir='ltr'><strong>Caelestum</strong></span> <span class='ocrx_word' id='word_1_206' title='bbox 339 3054 461 3115; x_wconf 88' lang='lat' dir='ltr'><strong>Matrem</strong></span> <span class='ocrx_word' id='word_1_207' title='bbox 485 3073 611 3115; x_wconf 90' lang='lat' dir='ltr'><strong>concava</strong></span> <span class='ocrx_word' id='word_1_208' title='bbox 635 3058 741 3135; x_wconf 90' lang='lat' dir='ltr'><strong>puppis</strong></span> <span class='ocrx_word' id='word_1_209' title='bbox 764 3054 868 3115; x_wconf 88' lang='lat' dir='ltr'><strong>habet.</strong></span> <span class='ocrx_word' id='word_1_210' title='bbox 943 3102 945 3106; x_wconf 45' lang='lat'><strong>.</strong></span> 
     </span>
     <span class='ocr_line' id='line_1_34' title="bbox 107 3140 804 3220; baseline 0.006 -22"><span class='ocrx_word' id='word_1_211' title='bbox 107 3140 157 3199; x_wconf 89' lang='grc'>1115</span> <span class='ocrx_word' id='word_1_212' title='bbox 182 3144 228 3201; x_wconf 91' lang='lat' dir='ltr'><strong>sui</strong></span> <span class='ocrx_word' id='word_1_213' title='bbox 250 3160 304 3220; x_wconf 93' lang='lat' dir='ltr'><strong>per</strong></span> <span class='ocrx_word' id='word_1_214' title='bbox 327 3160 416 3219; x_wconf 92' lang='lat' dir='ltr'><strong>aquas</strong></span> <span class='ocrx_word' id='word_1_215' title='bbox 440 3142 534 3204; x_wconf 87' lang='grc'>155555</span> <span class='ocrx_word' id='word_1_216' title='bbox 558 3145 704 3203; x_wconf 90' lang='lat' dir='ltr'><strong>tutissima</strong></span> <span class='ocrx_word' id='word_1_217' title='bbox 726 3145 804 3220; x_wconf 92' lang='lat' dir='ltr'><strong>nati,</strong></span> 
     </span>
     <span class='ocr_line' id='line_1_35' title="bbox 151 3228 833 3310; baseline 0 -23"><span class='ocrx_word' id='word_1_218' title='bbox 151 3228 308 3307; x_wconf 84' lang='lat' dir='ltr'><strong>Longaque</strong></span> <span class='ocrx_word' id='word_1_219' title='bbox 331 3229 474 3291; x_wconf 82' lang='lat' dir='ltr'><strong>Phrixeae</strong></span> <span class='ocrx_word' id='word_1_220' title='bbox 498 3239 599 3310; x_wconf 88' lang='lat' dir='ltr'><strong>stagna</strong></span> <span class='ocrx_word' id='word_1_221' title='bbox 623 3232 733 3290; x_wconf 90' lang='lat' dir='ltr'><strong>sororis</strong></span> <span class='ocrx_word' id='word_1_222' title='bbox 755 3228 833 3288; x_wconf 85' lang='lat' dir='ltr'><strong>adit:</strong></span> 
     </span>
     <span class='ocr_line' id='line_1_36' title="bbox 106 3315 887 3397; baseline 0 -23"><span class='ocrx_word' id='word_1_223' title='bbox 106 3315 329 3395; x_wconf 88' lang='lat' dir='ltr'><strong>Rhoeteumque</strong></span> <span class='ocrx_word' id='word_1_224' title='bbox 353 3335 463 3397; x_wconf 89' lang='lat' dir='ltr'><strong>rapax,</strong></span> <span class='ocrx_word' id='word_1_225' title='bbox 488 3318 632 3396; x_wconf 89' lang='lat' dir='ltr'><strong>Sigeaque</strong></span> <span class='ocrx_word' id='word_1_226' title='bbox 655 3315 741 3376; x_wconf 87' lang='lat' dir='ltr'><strong>litora</strong></span> <span class='ocrx_word' id='word_1_227' title='bbox 764 3316 887 3394; x_wconf 88' lang='lat' dir='ltr'><strong>transit,</strong></span> 
     </span>
     <span class='ocr_line' id='line_1_37' title="bbox 62 3404 780 3482; baseline -0.001 -18"><span class='ocrx_word' id='word_1_228' title='bbox 62 3416 90 3464; x_wconf 76' lang='lat'><strong>30</strong></span> <span class='ocrx_word' id='word_1_229' title='bbox 150 3404 188 3462; x_wconf 87' lang='lat' dir='ltr'><strong>Et</strong></span> <span class='ocrx_word' id='word_1_230' title='bbox 211 3404 372 3482; x_wconf 87' lang='lat' dir='ltr'><strong>Tenedon,</strong></span> <span class='ocrx_word' id='word_1_231' title='bbox 396 3412 511 3465; x_wconf 88' lang='lat' dir='ltr'><strong>veteres</strong></span> <span class='ocrx_word' id='word_1_232' title='bbox 535 3404 667 3464; x_wconf 87' lang='lat' dir='ltr'><strong>Eetionis</strong></span> <span class='ocrx_word' id='word_1_233' title='bbox 690 3420 780 3482; x_wconf 87' lang='lat' dir='ltr'><strong>opes.</strong></span> 
     </span>
     <span class='ocr_line' id='line_1_38' title="bbox 106 3488 895 3570; baseline 0 -20"><span class='ocrx_word' id='word_1_234' title='bbox 106 3490 245 3569; x_wconf 84' lang='lat' dir='ltr'><strong>Cyclades</strong></span> <span class='ocrx_word' id='word_1_235' title='bbox 269 3492 440 3570; x_wconf 88' lang='lat' dir='ltr'><strong>excipiunt,</strong></span> <span class='ocrx_word' id='word_1_236' title='bbox 463 3490 558 3552; x_wconf 91' lang='lat' dir='ltr'><strong>Lesbo</strong></span> <span class='ocrx_word' id='word_1_237' title='bbox 581 3499 649 3569; x_wconf 90' lang='lat' dir='ltr'><strong>post</strong></span> <span class='ocrx_word' id='word_1_238' title='bbox 672 3499 753 3570; x_wconf 88' lang='lat' dir='ltr'><strong>terga</strong></span> <span class='ocrx_word' id='word_1_239' title='bbox 776 3488 877 3551; x_wconf 89' lang='lat' dir='ltr'><strong>relicta</strong></span> <span class='ocrx_word' id='word_1_240' title='bbox 885 3533 895 3567; x_wconf 87' lang='lat'><strong>,</strong></span> 
     </span>
    </p>
   </div>
   <div class='ocr_carea' id='block_1_4' title="bbox 807 3589 860 3645">
    <p class='ocr_par' dir='ltr' id='par_1_4' title="bbox 807 3589 860 3645">
     <span class='ocr_line' id='line_1_39' title="bbox 807 3589 860 3645; baseline 0 0"><span class='ocrx_word' id='word_1_241' title='bbox 807 3589 860 3645; x_wconf 76' lang='lat'><strong>19*</strong></span> 
     </span>
    </p>
   </div>
   <div class='ocr_carea' id='block_1_5' title="bbox 0 0 1198 3892">
    <p class='ocr_par' dir='ltr' id='par_1_5' title="bbox 0 0 1198 3892">
     <span class='ocr_line' id='line_1_40' title="bbox 0 0 1198 3892; baseline 0 0"><span class='ocrx_word' id='word_1_242' title='bbox 0 0 1198 3892; x_wconf 95' lang='lat' dir='ltr'><strong> </strong></span> 
     </span>
    </p>
   </div>
  </div>
 </body>
</html>
