2386 3892
463 175 498 226 11.
517 177 665 228 roc-275.

501 387 549 450 14.
573 384 638 451 EN

156 511 331 572 Continuata
355 511 419 570 loco
444 514 499 571 tria
523 511 641 591 sidera,
665 510 778 573 Coruus
802 519 832 573 et
854 512 965 591 Anguis

199 598 237 659 Et
260 598 373 658 medius
397 598 500 659 Crater
523 601 602 659 inter
625 608 785 677 utrumque
809 602 901 660 iacet.

90 699 140 750 245
156 686 256 747 ldibus
279 686 326 746 illa
349 686 463 765 latent,
487 689 624 747 oriuntur
648 696 735 746 nocte
759 689 912 765 sequenti.

199 773 280 844 Quae
304 773 359 833 sibi
383 793 437 835 cur
462 776 517 834 tria
541 777 601 833 sint
624 777 813 855 consociata,
836 792 956 835 canam.

156 862 244 922 Forte
268 861 328 921 lovi
350 861 489 921 Phoebus
513 862 621 921 lestum
645 861 787 922 sollemne
809 862 930 940 parabat
953 895 1000 939 -Ὶ

200 950 265 1009 Non
288 950 375 1009 faciet
397 950 498 1027 longas
522 948 618 1009 sabula
641 959 743 1010 nostra
765 967 881 1011 moras:
905 982 938 992 -

156 1035 201 1118 Ἰ,
226 1032 305 1096 mea'
330 1037 403 1097 dixit
426 1033 526 1116 ‘avis,
549 1054 585 1097 ne
609 1037 680 1115 quid
704 1040 751 1115 pia
774 1056 857 1098 sacra
880 1046 1030 1118 moretur,

90 1136 141 1186 250
200 1124 237 1184 Et
261 1135 380 1184 tenuem
405 1127 477 1185 vivis
501 1124 632 1185 lontibus
655 1125 736 1184 adler
760 1121 898 1204 aquam.'

156 1213 267 1273 Corvus
291 1216 457 1273 inauratum
480 1211 605 1290 pedibus
629 1221 744 1272 cratera
766 1215 898 1274 recurvis

200 1299 309 1380 Tollit,
333 1309 364 1360 et
387 1302 499 1360 aerium
522 1298 655 1379 pervolat
677 1299 752 1360 altus
775 1302 848 1361 iter.

158 1387 258 1448 Stabat
281 1388 376 1448 adbuc
400 1388 483 1447 duris
506 1388 579 1447 ficus
603 1387 776 1447 densissima
799 1389 911 1467 pomis:

200 1476 335 1553 Temptat
358 1493 422 1534 eam
446 1484 564 1554 rostro,
588 1493 647 1535 non
671 1482 735 1534 erat
758 1484 823 1554 apta
846 1474 921 1552 legi.

90 1575 141 1623 255
157 1562 304 1623 lnmemor
326 1565 443 1642 imperii
468 1562 579 1622 sedisse
603 1561 659 1623 sub
683 1561 788 1622 arbore
811 1563 924 1641 lartur,

201 1650 275 1710 Dum
299 1651 405 1710 fierent
428 1649 509 1710 tarda
533 1649 628 1709 dulcia
651 1667 737 1728 poma
759 1668 858 1710 mora.

155 1737 273 1816 lamque
298 1748 379 1798 satur
402 1739 495 1815 nigris
518 1737 637 1815 longum
663 1740 740 1815 rapit
757 1736 906 1816 unguibus
929 1736 1070 1816 hydrum,

200 1826 242 1884 Ad
266 1825 476 1902 dominumque
499 1824 597 1905 redit,
621 1826 745 1904 fictaque
770 1824 859 1886 verba
882 1825 990 1886 relect:

156 1909 227 1973 ‘Hic
252 1911 322 1971 mibi
346 1930 433 1972 causa
455 1930 576 1991 morae,
600 1915 730 1973 vivarum
749 1912 887 1973 obsessor
910 1931 1070 1992 aquarum:

89 2013 141 2062 260
201 2000 254 2060 llic
278 2002 374 2060 tenuit
397 2001 492 2059 sontes
516 2000 704 2078 ciliciumque
728 1995 860 2061 meum.’

157 2083 273 2147 ‘Addis'
298 2090 338 2147 ait
362 2082 480 2164 ‘culpae
502 2082 686 2167 mendacia,'
709 2087 847 2148 Phoebus
871 2083 918 2148 ‘et
939 2087 1029 2148 audes

201 2175 365 2235 Fatidicum
390 2174 486 2234 verbis
509 2174 611 2235 lallare
634 2174 707 2234 velle
731 2172 846 2235 deum?

156 2265 193 2322 At
217 2261 292 2342 tibi,
316 2263 386 2323 dum
411 2261 521 2322 lactens
544 2260 678 2321 haerebit
699 2264 730 2320 in
753 2262 858 2321 arbore
882 2263 972 2342 licus,

201 2349 242 2409 lle
266 2349 346 2411 nullo
370 2349 481 2428 gelidae
506 2351 586 2409 lonte
609 2348 749 2408 bibentur
772 2344 898 2425 aquae.'

88 2449 141 2499 265
156 2437 257 2497 Dixit:
289 2448 341 2517 et,
365 2440 478 2515 antiqui
502 2439 679 2496 monimenta
702 2439 844 2514 perennia
866 2435 952 2514 iacti,

201 2527 332 2605 Anguis,
357 2527 426 2585 Avis
438 2571 447 2604 ,
471 2523 573 2584 Crater
596 2524 692 2585 sidera
715 2527 815 2584 iuncta
838 2525 963 2583 micant.

393 2660 441 2726 15.
464 2659 489 2724 F
512 2657 746 2726 LVPER·N³

157 2787 255 2847 Tertia
279 2797 346 2865 post
368 2786 437 2848 ldus
460 2787 555 2848 nudos
579 2805 685 2848 aurora
708 2785 846 2866 lupercos

200 2875 334 2953 Aspicit,
357 2885 387 2935 et
410 2874 502 2935 Fauni
526 2889 608 2935 sacra
631 2874 760 2936 bicornis
784 2885 871 2937 eunt.

157 2959 273 3040 Dicite,
296 2961 450 3043 Pierides,
474 2980 626 3023 sacrorum
651 2982 724 3043 quae
749 2966 788 3024 sit
810 2967 910 3042 origo,

87 3051 142 3110 220
201 3052 360 3128 Attigerint
382 3050 478 3111 Latias
502 3050 580 3111 unde
603 3055 693 3131 petita
717 3051 836 3111 domos.

155 3136 233 3196 Pana
257 3138 345 3198 deum
369 3141 485 3217 pecoris
504 3148 618 3199 veteres
642 3138 767 3198 coluisse
791 3138 927 3197 seruntur

201 3226 349 3285 Arcades:
386 3227 518 3286 Arcadiis
541 3226 686 3303 plurimus
709 3223 758 3283 ille
781 3225 875 3300 iugis.

157 3311 253 3373 Testis
277 3316 334 3374 erit
356 3313 466 3373 Pholoe
479 3359 488 3391 ,
511 3323 602 3373 testes
627 3309 840 3388 Stymphalides
864 3309 976 3388 undae,

201 3401 316 3478 Quique
341 3403 406 3460 citis
429 3400 529 3460 Ladon
552 3400 582 3456 in
606 3414 686 3457 mare
710 3399 804 3457 currit
827 3401 910 3476 aquis
918 3442 928 3478 ,

87 3498 141 3547 225
156 3487 317 3565 Cinctaque
340 3489 448 3566 pinetis
471 3487 601 3546 nemoris
623 3486 691 3562 iuga
713 3482 888 3568 Nonacrini,

120 3596 202 3637 oum,
229 3596 273 3637 111.
878 3589 910 3640 16
