2408 3900
96 183 164 252 344
506 156 699 237 00000000

231 348 369 430 Obstipui
391 350 499 411 tacitus
523 349 710 426 sustinuique
733 346 873 425 gradum.

188 437 288 499 Sensit
310 455 384 499 anus
407 438 503 498 vicina
524 434 606 517 loci,
627 437 801 514 iussumque
825 435 929 497 sedere

121 538 174 588 400
232 526 420 606 Alloquitur,
443 525 579 604 quatiens
602 541 673 585 0000
697 531 842 584 tremente
865 531 972 604 eaput:

189 610 266 673 ‘Hoc
290 613 341 674 ubi
364 631 444 674 nune
466 613 532 673 fora
554 619 625 673 sunt
637 660 647 693 ,
669 611 745 672 udae
767 619 892 673 tenuere
915 612 1057 693 paludes,

231 701 324 763 llmne
348 700 521 762 redundatis
543 701 623 761 iussa
645 698 782 761 madebat
804 702 907 779 aquis.

190 789 309 851 Curtius
333 788 382 849 ille
404 788 486 850 lanus
498 834 509 869 ,
531 790 625 851 siccas
648 790 701 866 qui
724 789 852 849 sustinet
874 805 959 869 aras,

232 876 318 938 Nune
341 876 435 938 solida
458 884 504 938 est
526 876 636 956 tellus,
658 874 711 936 sed
734 874 816 936 lacus
839 883 906 937 ante
929 877 1004 938 luit.

122 976 174 1026 405
189 965 253 1036 Qua
275 964 399 1026 Velabra
422 963 518 1026 solent
539 967 570 1025 in
593 963 713 1024 Circum
735 963 846 1025 ducere
868 981 1009 1045 pompas,

232 1052 279 1113 Nil
301 1059 420 1133 praeter
443 1052 712 1131 saliceseassaque
735 1068 828 1113 00000
850 1052 923 1114 luit.

192 1139 286 1220 Saepe
309 1138 494 1202 suburbanas
516 1139 635 1200 rediens
658 1141 780 1201 conviva
802 1156 856 1218 per
880 1140 975 1201 undas

234 1226 361 1308 Cantat,
384 1236 415 1289 et
437 1227 474 1289 ad
496 1235 601 1289 nautas
624 1225 706 1288 ebria
728 1226 818 1288 rerba
839 1229 925 1289 iacit.
1032 1275 1037 1309 ,

190 1315 327 1377 Nondum
350 1317 529 1377 conveniens
551 1315 677 1376 diversis
698 1317 755 1376 iste
778 1316 882 1394 figuris

124 1416 176 1466 410
234 1403 347 1464 Nomen
370 1404 406 1465 ab
430 1421 533 1465 averso
556 1410 677 1483 ceperat
699 1420 784 1464 amne
808 1403 899 1465 deus.

190 1492 244 1553 llic
268 1510 387 1571 quoque
409 1491 495 1553 10000
518 1500 582 1553 erat
603 1492 700 1553 iuncis
723 1499 754 1552 et
775 1490 920 1552 arundine
943 1490 1056 1552 densus

235 1579 273 1640 Et
295 1580 370 1660 pede
394 1579 487 1641 velato
511 1598 571 1641 non
593 1579 727 1641 adeunda
749 1578 851 1657 palus.
877 1608 880 1613 ·

192 1668 300 1746 Stagna
323 1675 514 1729 recesserunt
536 1676 566 1729 et
589 1684 679 1747 aquas
702 1684 757 1728 sua
778 1669 842 1746 ripa
864 1674 1004 1748 coercet,
1054 1679 1111 1730 (2⁰⁹)

236 1754 379 1833 Siccaque
403 1772 482 1816 nune
505 1754 615 1817 tellus:
647 1772 712 1815 mos
734 1762 832 1816 tamen
853 1753 924 1814 inde
948 1761 1066 1815 manet.

124 1854 176 1904 415
190 1842 371 1904 Reddiderat
393 1860 532 1904 eausam.
575 1838 687 1903 ‘valeas
699 1888 708 1922 ,
731 1859 806 1903 0000
828 1843 938 1921 optima
952 1837 978 1902 i'
1001 1841 1064 1903 dixi

237 1926 338 2000 ‘Quod
361 1938 500 2009 superest
522 1933 608 2010 aevi,
630 1929 717 1991 molle
741 1932 782 1991 sit
802 1946 912 2010 omne,
933 1925 1015 1991 tui.'

192 2018 296 2079 Cetera
319 2020 377 2078 iam
400 2019 516 2097 pridem
538 2018 629 2079 didici
650 2016 816 2098 puerilibus
838 2019 941 2098 annis,

237 2104 302 2165 Non
325 2112 424 2166 tamen
446 2106 558 2167 ideirco
581 2105 798 2186 praeterermda
820 2104 910 2166 mihi.

192 2192 307 2254 Moenia
329 2192 511 2255 Dardanides
533 2211 630 2273 nuper
652 2211 726 2254 nova
749 2194 861 2254 iecerat
882 2191 961 2255 llust
1006 2261 1009 2264 ,

126 2294 178 2344 400
236 2280 297 2342 llus
320 2280 416 2343 adhue
439 2282 525 2343 Asiae
548 2282 628 2343 dines
651 2280 778 2342 habebat
800 2299 888 2360 opes:

193 2370 331 2431 Creditur
353 2370 508 2430 armiferae
532 2372 649 2448 signum
672 2367 798 2430 caeleste
821 2367 971 2430 Minervae

236 2457 325 2518 Urbis
346 2459 378 2518 in
400 2457 505 2518 Iliacae
529 2456 684 2518 desiluisse
706 2459 791 2536 iuga.

194 2546 270 2607 Cura
292 2544 392 2606 ridere
415 2546 472 2607 luit
483 2592 493 2626 ,
521 2544 580 2605 vidi
601 2543 803 2624 templumque
826 2544 1002 2626 locumque.

237 2633 300 2693 Hne
324 2641 461 2712 superest
483 2631 524 2694 illi
536 2680 546 2712 ,
568 2629 684 2692 Pallada
705 2632 799 2693 Roma
821 2639 920 2695 tenet.

127 2732 178 2780 425
194 2720 366 2781 Consulitur
390 2721 583 2800 Smintheus,
604 2719 732 2799 lutoque
755 2719 902 2781 obscurus
925 2737 1019 2801 npaeo

237 2807 299 2867 Hos
321 2825 382 2868 non
404 2811 527 2869 mentito
550 2807 680 2868 reddidit
702 2825 754 2868 ure
778 2825 884 2869 sonos:

194 2892 376 2956 ‘Aetheriam
398 2904 513 2957 servate
536 2896 643 2976 deam,
665 2894 822 2957 servabitis
844 2894 969 2958 urbem:

237 2984 398 3063 Imperium
421 3001 523 3044 seeum
546 2984 706 3045 transferet
727 2983 776 3044 illa
798 2978 890 3043 loci.'

195 3072 320 3153 Servat,
344 3080 375 3133 et
395 3069 540 3132 inclusam
562 3087 677 3133 summa
700 3078 782 3133 tenet
804 3069 864 3132 llus
886 3073 918 3132 in
941 3088 1030 3153 aree,

127 3173 180 3223 430
238 3160 375 3239 Curaque
399 3159 435 3220 ad
457 3158 598 3221 heredem
620 3159 818 3221 Laomedonta
839 3158 935 3220 redit.

196 3248 257 3309 Sub
280 3248 398 3309 Priamo
420 3256 535 3309 servata
557 3265 684 3326 parum.
726 3249 768 3308 sie
790 3249 855 3327 ipsa
877 3245 1012 3327 volebat,

239 3335 283 3397 Ex
307 3354 365 3415 quo
389 3335 497 3396 iudicio
521 3336 615 3396 forma
637 3336 747 3395 revicta
771 3352 824 3397 sua
847 3341 911 3396 est.

197 3423 271 3500 [Seu
294 3441 388 3501 genus
411 3423 550 3504 Adrasti,
574 3440 627 3484 seu
650 3423 739 3483 furtis
762 3429 849 3502 aptus
873 3421 990 3501 Ulixes,

242 3510 301 3572 Seu
323 3513 391 3590 pius
413 3509 527 3571 Aeneas
551 3511 697 3591 eripuisse
719 3508 842 3587 ierunt]
