2386 3892
90 180 152 244 148
503 180 553 230 EX
569 179 689 231 PONTO

176 343 269 423 Mite,
292 343 344 405 sed
367 345 476 405 iratum
499 344 606 410 meritc
629 341 724 420 mihi,
748 359 861 404 numen
884 342 990 424 adora,

221 429 338 493 Eximat
359 438 394 492 ut
417 430 548 510 Scythici
571 446 618 491 me
642 429 760 491 feritate
782 429 861 492 leci.

176 519 301 581 Difficile
326 527 393 599 est,
416 519 534 580 fateor.
573 517 626 578 sed
649 517 744 579 tendit
766 519 798 578 in
821 517 1056 602 arduanium,

221 607 260 669 Et
280 606 348 669 talis
370 609 470 668 meriti
492 608 611 685 gratia
608 607 702 667 maior
724 608 799 666 erit.

113 707 163 757 115
177 695 239 758 Nec
262 703 361 757 tamen
384 694 532 756 Aetnaeus
555 702 637 755 vasto
660 693 890 773 Polyphemus
880 713 913 757 m
936 704 1023 758 antro

221 785 354 864 Accipiet
375 801 463 845 voces
486 781 696 862 Antiphatesve
719 790 804 844 tuas.

179 871 238 934 Sed
260 872 393 952 placidus
417 870 570 949 tacitisque
593 887 702 950 parcns
724 872 886 950 veniaeque
909 843 1051 954 paratus,

223 959 262 1020 Et
285 961 337 1039 qui
359 959 501 1020 fulmineo
524 976 612 1038 saepe
635 961 700 1020 sinc
723 960 792 1036 igue
814 966 915 1021 tanat

179 1048 237 1118 Qui
261 1066 330 1108 cum
352 1049 438 1108 triste
461 1046 572 1124 aliquid
595 1048 720 1126 statuit,
743 1047 777 1109 ut
798 1048 895 1111 tristis
917 1049 979 1110 et'
971 1066 1056 1128 lpse,

114 1147 163 1196 111
223 1135 336 1215 Cuique
360 1136 422 1197 iere
445 1153 571 1215 poenam
593 1153 713 1197 sumere
736 1151 831 1214 poena
853 1153 909 1197 sua
931 1144 998 1198 est.

177 1223 261 1285 Victa
283 1235 382 1285 tamen
405 1226 477 1285 vitio
500 1231 547 1285 est
568 1223 658 1284 huius
681 1222 837 1284 clementia
858 1231 983 1306 nostru,

221 1312 308 1373 Venit
330 1323 361 1373 et
383 1312 419 1373 ad
442 1314 521 1374 vires
543 1315 587 1373 ira
611 1320 712 1373 coacta
735 1328 821 1373 suas.

178 1401 236 1472 Qui
259 1403 397 1480 quoniam
420 1404 516 1480 patria
539 1407 600 1461 toto
623 1417 727 1461 sumus
750 1397 821 1460 orbe
844 1401 971 1481 remoti,
1057 1412 1090 1463 (44

220 1488 282 1550 Ν11
304 1488 375 1551 licet
397 1497 464 1550 aute
487 1491 569 1568 ipsos
590 1486 787 1568 procubuisse
810 1487 902 1567 deos,
1044 1552 1052 1569 ‚

113 1587 162 1636 125
177 1577 260 1648 Quos
283 1577 377 1656 colis,
405 1577 441 1638 ad
465 1594 589 1657 superus
612 1574 685 1636 haec
711 1575 758 1637 fer
780 1575 1082 1648 mandatasaccrdcs

221 1663 303 1725 Adde
326 1664 378 1725 sed
401 1673 432 1726 et
453 1667 589 1744 proprias
611 1663 647 1725 ad
671 1680 735 1724 mea
758 1662 848 1726 verba
871 1680 997 1743 preces.

178 1751 227 1813 Sic
242 1762 348 1813 tamen
371 1750 444 1814 haec
467 1760 599 1834 tempta,
623 1754 731 1813 sinon
756 1753 892 1816 nocitura
915 1752 1053 1832 putabis.

220 1837 381 1919 ignosces.
423 1842 513 1902 timeo
537 1840 696 1919 naufragus
719 1856 806 1903 omne
829 1840 959 1904 fretum.

556 2033 621 2106 HI.

177 2189 324 2271 Maxime,
347 2193 400 2270 qui
422 2191 510 2252 claris
532 2208 641 2252 nomen
663 2189 825 2253 virtutibus
847 2206 976 2273 aequas,

198 2327 201 2335 ,
222 2278 284 2340 Nec
307 2280 380 2340 sinis
402 2281 555 2360 ingenium
577 2277 729 2341 nobilitate
751 2282 867 2362 premi,

179 2366 263 2428 Culte
292 2367 365 2428 mihi
389 2368 518 2448 -quid
549 2369 627 2429 enim
658 2374 752 2428 status
782 2366 832 2428 hic
861 2385 880 2429 a
908 2368 1012 2431 funere

725 2451 851 2517 differt?
874 2488 908 2500 —

221 2542 400 2624 Supremum
423 2546 499 2604 vitae
522 2550 640 2622 tempus
663 2542 795 2622 adusque
813 2561 915 2607 meae:

126 2630 255 2692 ·5Rem
278 2633 351 2693 iacis
363 2679 372 2713 ,
395 2631 537 2693 afflictum
559 2648 620 2692 non
643 2640 794 2692 aversatus
816 2633 963 2714 amicum,

221 2717 285 2787 Qua
307 2737 367 2780 non
390 2727 437 2781 est
458 2737 529 2780 aevo
552 2721 657 2784 rarior(
670 2718 730 2780 ulia
750 2728 823 2782 tuo.

177 2803 276 2883 Turpe
296 2807 415 2884 quidem
433 2807 532 2887 dictu,
556 2809 656 2868 sed-
679 2807 810 2871 simodo
830 2825 900 2870 vera
918 2809 1037 2871 fatemur
1049 2837 1072 2846 -

221 2891 331 2972 Vulgus
354 2896 497 2955 amicitias
519 2895 645 2957 utilitate
668 2894 791 2975 probat.

176 2979 275 3060 Cura,
303 2980 374 3060 quid
401 2981 537 3062 expediat
549 3029 558 3064 ,
580 2985 665 3063 prius
692 2992 758 3063 est,
787 3001 879 3062 quam
906 2984 976 3064 quid
1002 2984 1035 3044 sit

722 3071 900 3148 haredum,

128 3168 162 3218 10
220 3155 258 3218 111
281 3176 348 3219 cum
371 3159 490 3220 fortuna
513 3167 629 3238 statque
653 3158 789 3238 caditque
812 3160 906 3223 fides,
946 3218 949 3223 .

177 3244 238 3307 Nec
261 3246 346 3308 facile
368 3249 501 3309 invenias
523 3247 624 3310 multis
646 3249 678 3309 iu
701 3246 820 3310 milibus
842 3265 953 3330 unum,
986 3306 990 3311 .

220 3333 366 3397 Virtutem
389 3339 517 3416 pretium
541 3338 593 3415 qui
615 3344 701 3414 putet
723 3353 789 3399 esse
813 3339 881 3399 sui.

177 3420 242 3501 ipse
264 3422 373 3504 decor,
395 3432 478 3486 recte
501 3425 571 3486 iacti
593 3427 620 3486 si
640 3427 772 3504 praemia
794 3425 912 3502 desint,

220 3507 285 3570 Non
308 3520 427 3593 movet,
450 3520 481 3574 et
502 3514 593 3592 gratis
615 3515 747 3597 paenitet
768 3531 836 3576 esse
857 3511 996 3596 probum.
