2386 3892
508 207 680 258 5515er

180 373 305 434 Dimidia
328 378 409 432 55555
428 379 512 449 parte
536 377 687 449 superstes
712 388 762 430 555
773 413 782 429 a

131 473 164 522 45
181 461 215 520 Ei
239 460 333 536 milii,
357 477 445 538 quam
468 457 559 519 eeleri
580 460 752 519 micuerunt
773 455 874 518 nubila
896 457 1032 520 flamma!

180 548 314 618 Quantus
338 545 374 606 ab
398 546 529 607 aetherio
553 552 693 624 personat
716 563 769 607 axe
792 544 908 623 fragor!

180 636 240 696 Ν55
263 635 356 696 levius
380 634 495 695 tabulae
519 632 645 694 laterum
668 634 818 695 feriuntur
841 632 877 694 ab
900 634 1007 715 undis,

180 722 274 794 Quam
296 741 384 802 grave
408 721 529 783 balistae
553 724 667 782 moenia
690 722 789 800 pulsat
811 739 903 782 onus.

179 811 237 882 Oui
259 813 339 872 venit
361 810 410 871 hie
433 809 564 890 fluetus,
586 810 696 870 fluetus
719 811 922 889 supereminet
945 827 1070 892 omues;

131 913 165 962 50
180 900 331 960 Posterior
354 917 432 959 nono
456 905 502 958 est
525 897 741 976 undecimoque
765 899 864 975 prior.

179 987 240 1048 Neo
263 986 356 1048 letum
377 989 490 1065 timeo;
513 1003 607 1064 genus
631 993 676 1045 est
698 984 866 1045 miserabile
889 984 959 1047 leti.

180 1075 295 1135 [lemite
318 1074 526 1154 naufragium,
549 1090 629 1133 mors
653 1072 726 1133 mihi
748 1090 858 1133 munus
881 1075 956 1136 erit.

178 1163 233 1223 Est
256 1162 388 1241 aliquid,
412 1162 508 1221 latove
531 1179 585 1222 suo
609 1161 725 1221 lerrove
750 1160 904 1221 cadentem

180 1251 212 1311 ln
237 1249 328 1313 solida
351 1252 482 1310 moriens
505 1267 616 1329 ponere
640 1266 749 1326 eorpus
772 1248 880 1328 humo,

132 1351 164 1399 55
179 1338 218 1399 Et
239 1338 378 1399 mandare
402 1340 464 1398 suis
489 1338 586 1416 aliqua
610 1344 640 1399 et
663 1354 783 1415 sperare
807 1335 978 1414 sepulcrum

147 1464 151 1475 ·
179 1426 217 1487 Et
240 1445 299 1487 non
323 1427 479 1505 aequoreis
501 1424 634 1503 piscihus
658 1442 723 1485 esse
747 1423 863 1485 eibum.

178 1513 295 1593 Fingite
318 1532 366 1574 me
389 1514 511 1591 dignum
533 1512 585 1572 tali
608 1530 702 1592 nece,
726 1531 786 1572 non
810 1530 864 1591 ego
888 1512 969 1572 solus

178 1601 233 1662 llio
256 1600 369 1661 vehor.
401 1602 555 1660 inmeritos
580 1618 634 1660 eur
657 1618 721 1660 mea
743 1617 839 1679 poena
862 1596 979 1660 trahit?

91 1728 93 1733 -
178 1689 236 1749 Pro
260 1690 363 1768 superi
385 1687 554 1765 viridesque
577 1687 647 1768 dei,
671 1687 780 1766 quibus
803 1706 933 1766 aequora
956 1705 1075 1767 curae„

130 1789 163 1837 50
177 1776 311 1854 Utraque
334 1777 392 1835 iam
415 1783 527 1835 5555555
551 1777 646 1835 sistite
669 1775 757 1836 turba
780 1778 890 1837 minas:

179 1865 333 1942 Quamque
356 1863 438 1923 dedit
460 1867 547 1924 vitam
571 1865 725 1923 mitissima
749 1863 883 1924 Caesaris
905 1865 969 1946 ira,

177 1951 260 2012 Hane
283 1954 371 2011 sinite
394 1951 495 2012 infelix
518 1954 549 2011 in
572 1950 637 2011 loca
659 1954 739 2012 iussa
762 1950 873 2013 seram.

179 2040 211 2101 Si
224 2087 232 2119 ,
257 2047 394 2118 quantam
418 2040 537 2118 merui,
560 2057 654 2117 poena
680 2056 726 2099 me
749 2039 876 2118 perdere
899 2040 1006 2116 vultis,

178 2127 270 2206 Culpa
288 2145 353 2187 mea
376 2136 422 2188 est
444 2129 508 2206 ipso
532 2126 629 2186 iudice
654 2135 748 2187 morte
771 2128 886 2188 minor.

129 2227 162 2277 55
177 2214 294 2275 Mittere
317 2233 364 2275 me
389 2214 503 2293 Stygias
527 2217 553 2274 si
576 2217 634 2274 iam
656 2214 799 2275 voluisset
822 2214 856 2275 ad
882 2216 976 2276 undas

177 2303 306 2381 Caesar,
328 2305 360 2362 in
383 2302 439 2363 hoo
463 2309 561 2363 vestra
583 2320 643 2363 nou
667 2303 799 2382 eguisset
820 2321 894 2381 ope.

106 2406 110 2413 ·
176 2390 230 2452 llst
252 2391 298 2451 illi.
317 2393 412 2451 nostri
436 2409 494 2451 non
518 2390 661 2451 invidiosa
685 2393 800 2451 cruoris

176 2479 287 2559 Copia.
320 2479 458 2559 quodque
482 2478 585 2559 dedit,
609 2497 676 2539 eum
699 2478 778 2538 volet
790 2526 800 2560 ‚
826 2482 890 2559 ipse
914 2480 1007 2541 leret.

175 2566 233 2628 Vos
256 2567 365 2643 modo,
390 2585 465 2646 quos
489 2575 570 2626 certe
593 2566 697 2648 nullo,
721 2575 816 2646 puto,
839 2569 964 2629 mimine
985 2567 1065 2643 laesi,

128 2669 161 2717 70
177 2654 315 2716 Contenti
339 2659 449 2716 nostris
472 2657 552 2733 iam,
576 2672 705 2736 precor,
729 2663 792 2715 5555
816 2655 918 2716 malisl

176 2742 236 2802 Nee
260 2751 381 2822 tamen,
403 2750 438 2802 ut
461 2745 561 2803 eunoti
583 2745 726 2804 miserum
749 2761 868 2803 servare
892 2744 1005 2819 velitis,

175 2829 260 2899 Quod
283 2832 373 2909 periit
385 2876 394 2910 ,
419 2830 530 2891 salvum
552 2833 610 2891 iam
634 2839 723 2910 eaput
746 2849 812 2892 esse
835 2840 952 2910 potest.

175 2917 214 2978 Ut
236 2936 316 2978 mare
341 2919 474 2980 considat
496 2922 650 2997 ventisque
675 2918 840 2979 serentibus
863 2928 949 3002 utar,

174 3005 213 3066 Ut
235 3006 308 3066 mihi
330 3009 480 3087 pareatis,
503 3025 563 3068 non
586 3009 685 3068 miuus
708 3007 776 3067 exul
799 3006 869 3068 ero!

127 3107 159 3155 ⁷5
173 3094 239 3154 Non
264 3113 319 3174 ego
343 3094 458 3155 divitias
482 3095 585 3155 avidus
609 3097 672 3155 sine
696 3096 755 3155 line
778 3096 902 3174 parandi

174 3182 280 3243 Latum
303 3182 452 3243 multandis
475 3182 625 3243 mercibus
648 3200 759 3261 aequor
783 3202 851 3245 aro:

126 3283 159 3330 75
173 3270 239 3330 Non
261 3278 296 3330 ut
318 3271 478 3331 Alexandri
500 3270 608 3331 claram
632 3271 746 3332 delatus
770 3272 806 3331 ad
829 3271 935 3332 urbem

127 3369 161 3418 50
176 3357 302 3419 llelieias
325 3359 461 3439 videam,
484 3358 549 3418 Nile
572 3361 694 3440 iocose,
717 3367 801 3440 tuas3

126 3459 159 3506 55
174 3445 235 3506 Ν55
262 3453 354 3526 peto,
378 3464 450 3525 quas
479 3445 626 3525 quondam
654 3449 727 3527 petii
750 3447 924 3523 studiosus,
947 3445 1074 3510 Athenas,

125 3546 158 3594 78
173 3531 287 3612 Oppida
310 3551 369 3593 non
393 3535 503 3614 Asiae,
525 3550 585 3594 non
608 3533 672 3594 loea
696 3537 756 3595 5555
779 3537 881 3614 prius.
