2386 3892
429 183 474 234 vr.
495 185 642 239 ute-sm.
968 178 1034 249 355

121 345 263 406 Convenit
286 353 315 405 et
338 347 453 427 servis,
475 363 560 406 serva
582 347 651 425 quia
674 344 789 406 Tullius
811 351 896 406 ortus

166 433 324 494 Constituit
347 433 452 494 dubiae
476 432 583 513 templa
606 435 771 513 propinqua
794 432 884 493 deae.

375 543 425 608 25.
448 536 512 608 ΗΟ
557 543 608 608 26.
632 540 693 607 Ac

54 663 105 713 785
120 651 197 711 Ecce
221 651 389 713 suburbana
411 652 530 713 rediens
554 651 627 712 male
651 650 768 712 sobrius
790 651 862 712 aede

165 739 208 799 Ad
232 740 330 800 stellas
354 739 459 818 aliquis
482 739 550 800 talia
573 738 661 799 verba
683 740 768 799 iacit:

120 825 198 885 Zona
221 827 291 888 latet
313 835 364 887 tua
387 845 488 907 nuno,
511 834 541 887 et
563 844 628 887 oras
651 826 776 887 sortasse
799 824 918 886 latebit:

164 913 275 973 Dehinc
298 916 377 993 erit,
400 914 492 975 Orion
504 959 513 994 ,
536 912 704 993 aspicienda
726 912 816 973 mihi.

120 1000 157 1060 lt
180 1003 205 1059 si
229 1019 288 1061 non
310 1009 389 1062 esset
411 1009 521 1083 potus,
544 1001 667 1063 dixisset
689 1001 791 1062 eadem

56 1101 106 1149 000
165 1087 329 1152 Venturum
351 1098 470 1168 tempus
493 1089 645 1152 solstitiale
668 1089 733 1150 die.

377 1200 426 1264 m.
451 1197 510 1264 Be
556 1201 607 1266 as.
631 1196 687 1264 00
748 1184 751 1190 ’

120 1307 256 1367 Lucifero
280 1307 425 1369 subeunte
447 1307 539 1369 Lares
561 1306 684 1368 delubra
706 1305 840 1368 tulerunt

164 1394 237 1474 Hic,
264 1396 316 1456 ubi
338 1396 371 1455 fit
393 1395 478 1456 docta
500 1395 592 1456 multa
615 1411 724 1455 corone
747 1411 852 1455 manu.
1003 1465 1006 1469 ,

121 1482 250 1559 Tempus
268 1484 345 1543 idem
361 1481 459 1544 Stator
477 1482 557 1544 aedis
575 1480 681 1562 habet,
700 1498 788 1560 quam
801 1478 944 1542 Romulus
963 1480 1032 1542 olim

165 1569 240 1629 Ante
263 1570 387 1630 Palatini
410 1570 542 1631 condidit
564 1587 616 1633 ora
637 1571 715 1648 iugi.

463 1680 514 1744 29.
537 1677 599 1743 DF

57 1798 106 1846 ree
121 1787 178 1846 Tot
200 1795 313 1849 restant
336 1788 372 1848 de
396 1806 497 1851 mense
520 1787 584 1850 dies
596 1835 606 1870 ,
629 1796 701 1868 quot
723 1788 841 1850 nomina
863 1785 982 1866 Parcis,

167 1873 239 1934 Cum
263 1874 329 1936 data
353 1884 422 1937 sunt
445 1875 563 1938 trabeae
586 1875 694 1957 temple
705 1923 715 1954 ,
739 1875 885 1957 Quirine,
906 1883 992 1937 tuae.

467 1989 519 2053 30.
541 1986 602 2053 EG

122 2093 251 2171 Tempus
273 2091 361 2153 Iuleis
384 2112 449 2154 oras
472 2103 518 2154 est
539 2095 634 2156 natale
657 2095 813 2159 Kalendis:
833 2166 835 2170 ,

164 2179 318 2258 Pierides,
341 2181 453 2258 coeptis
476 2178 572 2239 addite
596 2197 710 2241 summa
731 2185 823 2244 meis.

122 2266 237 2345 Dicite,
260 2264 413 2346 Pierides,
437 2267 504 2344 quis
526 2282 579 2326 vos
601 2263 767 2328 adiunxerit
787 2269 856 2347 istl,

56 2366 108 2414 eoo
167 2353 220 2414 Cui
243 2352 324 2413 dedit
346 2353 452 2414 invitas
474 2355 550 2415 ricta
572 2369 697 2413 noverea
720 2350 851 2415 merrus?
957 2349 962 2356 ’

122 2439 170 2501 Sic
193 2459 268 2520 ego.
310 2442 353 2501 sic
376 2439 456 2502 clio:
488 2435 575 2501 ‘clari
597 2441 777 2502 monimenta
799 2438 926 2522 Philippi

164 2529 301 2608 Aspicis,
324 2527 402 2588 unde
425 2527 517 2589 trahit
538 2526 647 2589 Marcia
669 2534 749 2597 cesta
770 2545 881 2608 genus:

121 2615 248 2696 Marcia,
271 2615 404 2675 sacrifico
427 2614 587 2677 deductum
609 2632 718 2677 nomen
740 2614 776 2676 ab
798 2616 880 2676 Anco
887 2661 897 2696 ,

164 2701 197 2764 ln
220 2721 277 2783 0οα
299 2720 368 2782 pars
390 2702 481 2764 facies
502 2701 654 2764 nobilitate
676 2719 730 2764 sua
752 2710 815 2764 est.

34 2801 84 2848 805
102 2789 169 2863 [Par
192 2793 288 2852 animo
311 2809 429 2870 quoque
452 2791 546 2851 l'orma
569 2807 624 2852 suo
646 2789 806 2871 respondet
826 2791 859 2853 iu
880 2790 947 2873 illa,
1054 2850 1059 2859 .

163 2875 201 2936 Et
223 2894 317 2955 genus
339 2887 370 2940 et
391 2877 481 2938 iacies
503 2877 713 2957 ingeniumque
735 2877 824 2941 simul
833 2876 855 2957 .]

121 2960 182 3021 Neo
205 2963 283 3040 quod
305 2965 457 3027 laudamus
478 2965 603 3026 formam
614 3012 625 3046 ,
647 2975 680 3029 tu
702 2975 791 3047 turpe
813 2967 946 3046 putansa

41 3117 48 3130 ·
164 3048 329 3111 Laudamus
351 3068 470 3130 magnas
492 3051 546 3115 hao
569 3072 687 3134 000000
709 3061 794 3133 parte
816 3052 904 3113 dees.

121 3135 216 3215 Nupta
239 3137 296 3197 luit
318 3138 464 3218 quondam
485 3147 643 3201 matertera
665 3138 800 3201 Caesaris
821 3137 881 3199 illi.

56 3236 105 3283 810
165 3223 188 3284 0
212 3224 324 3305 decius,
347 3245 365 3286 o
388 3243 469 3288 saera
492 3227 601 3288 semina
623 3226 711 3304 digna
731 3219 854 3289 domol’

121 3311 169 3372 Sic
192 3313 300 3372 cecinit
321 3311 404 3375 Clio.
445 3314 548 3375 doctae
571 3329 725 3375 assensere
746 3328 882 3393 sorores,

163 3400 273 3459 Annuit
295 3397 411 3470 Alcides
431 3401 638 3479 increpuitque
660 3399 771 3480 lyram.

430 3562 628 3591 ...ιι-*ιι-
