2386 3892
88 178 156 243 314
498 177 689 229 russonum

222 341 370 421 Venerat,
394 343 547 420 impositos
571 340 767 419 attuleratque
791 339 882 403 deos.

178 430 233 491 llic
246 479 255 511 ,
278 430 329 490 ubi
354 447 432 489 nuuc
456 428 548 488 Roma
571 438 636 506 est,
662 429 742 489 orbis
766 439 856 509 caput
868 476 877 509 ‚
901 429 989 490 arbor
1011 440 1036 491 et

725 516 834 577 herbae

223 605 260 666 Et
282 623 392 685 paucae
416 605 546 684 pecudes
570 615 599 665 et
623 622 688 666 casa
711 622 777 665 rara
801 605 875 666 luit.

130 707 164 756 95
179 695 243 764 Quo
267 704 423 773 postquam
447 702 566 753 ventum
590 700 656 768 est,
681 687 863 754 “consistite
878 689 914 755 !''
942 697 1061 774 praescia

726 788 818 841 mater

226 866 325 931 “Nam
348 871 432 931 locus
455 871 571 949 imperii
595 885 647 929 rus
671 870 729 928 erit
750 863 858 930 istud''
883 873 940 931 ait.
991 871 994 876 '

179 957 217 1018 Et
240 960 327 1019 matri
350 968 380 1018 et
404 961 460 1019 vati
483 965 567 1037 paret
590 956 754 1017 Nonacrius
777 957 885 1039 heros,

224 1045 316 1124 loque
339 1048 494 1124 peregrina
518 1046 650 1106 constitit
672 1045 780 1125 hospes
803 1045 912 1107 humo.

180 1133 327 1212 Sacraque
352 1134 443 1194 multa
467 1134 608 1214 quidem,
631 1132 682 1193 sed
707 1133 801 1193 Fauni
823 1136 918 1212 prima
943 1133 1060 1196 bicornis

116 1234 166 1282 100
225 1219 283 1281 llas
306 1222 407 1283 docuit
429 1230 532 1300 gentes
556 1220 737 1301 alipedisque
761 1221 825 1282 dei.

181 1309 372 1390 Semicaper,
396 1310 502 1371 coleris
526 1308 688 1387 cinctutis,
711 1309 832 1384 Fauno,
856 1310 1015 1393 Lupercis,

225 1397 297 1458 Cum
321 1395 448 1459 lustrant
471 1397 603 1458 celebres
627 1396 734 1458 vellera
758 1406 837 1458 secta
862 1401 940 1461 vias.

180 1486 216 1546 ht
240 1495 271 1547 tu
294 1494 427 1548 materno
451 1485 565 1546 donasti
588 1487 706 1546 nomine
729 1503 880 1566 mensem,

224 1575 363 1636 Inventor
387 1593 516 1653 curvae,
539 1574 654 1634 iuribus
679 1581 767 1654 apte,
791 1574 875 1635 fidis.

116 1674 165 1722 105
179 1661 240 1722 Neo
264 1665 358 1741 pietas
381 1664 453 1724 haec
476 1665 570 1741 prima
594 1670 644 1722 tua
668 1669 734 1723 est:
767 1671 889 1742 septena
912 1667 1040 1743 putaris,

224 1749 374 1810 Pleiadum
398 1769 577 1832 numerum,
601 1751 648 1811 fila
672 1749 788 1810 dedisse
811 1748 927 1830 lyrae?

181 1835 258 1896 llaec
282 1856 400 1917 quoquo
424 1838 574 1900 desierat:
607 1838 721 1899 laudata
745 1845 790 1899 est
813 1856 885 1900 voce
909 1858 1055 1902 sororum.

224 1924 300 1993 Ouid
325 1922 459 1986 faciam?
490 1926 594 1987 turbae
617 1944 685 2005 pars
709 1924 797 1987 habet
819 1929 917 2007 omnis
940 1929 1032 1990 idem.

180 2013 278 2073 Gratia
301 2012 451 2073 Pieridum
475 2014 560 2075 nobis
583 2014 744 2093 aequaliter
768 2015 854 2095 assit,

116 2095 166 2160 110
225 2100 368 2179 Nullaque
392 2101 528 2163 laudetur
551 2102 653 2182 plusve
677 2104 811 2164 minusve
835 2103 925 2166 mihi.

214 2239 240 2301 1.
266 2236 544 2318 [Am-Mattio
563 2241 676 2320 cvm]
724 2240 752 2305 2.
778 2239 977 2324 [BFuvm]

180 2364 223 2425 hb
247 2364 314 2426 love
338 2376 439 2445 surgat
462 2385 557 2445 opus.
600 2369 693 2444 prima
717 2366 788 2428 mihi
812 2377 898 2431 nocto
923 2370 1044 2432 videnda

225 2453 314 2514 Stella
339 2463 384 2515 ost
406 2457 437 2514 in
461 2473 550 2515 cunas
574 2456 705 2515 officiosa
728 2455 821 2517 lovis:

180 2541 316 2602 Nascitur
339 2541 458 2603 Oleniae
482 2544 597 2621 siguum
621 2543 746 2621 pluviale
770 2543 923 2628 Capellae5

223 2628 273 2690 llla
297 2631 356 2691 dati
379 2631 490 2691 caelum
515 2633 644 2708 praemia
667 2631 751 2692 lactis
774 2631 881 2696 babet.

7 2738 8 2742 ¹
116 2727 165 2776 111
180 2717 249 2777 Nais
273 2719 422 2780 Amalthea
435 2765 444 2799 ,
469 2718 589 2780 Cretaea
613 2719 720 2780 nobilis
742 2719 809 2800 Ida,

225 2804 338 2865 Dicitur
360 2810 391 2867 iu
415 2807 496 2868 silvis
519 2805 684 2868 occuluisse
708 2807 822 2870 lovem.

180 2891 255 2953 Huic
279 2893 335 2952 luit
357 2892 518 2956 haedorum
542 2905 636 2956 mater
660 2896 787 2956 formosa
810 2896 958 2979 duorum,

224 2979 304 3041 luter
326 2979 461 3041 Dictaeos
486 2983 693 3063 conspicienda
716 3002 839 3065 greges,

181 3068 325 3129 Cornibus
349 3071 436 3129 aeriis
460 3078 547 3148 atque
571 3074 601 3131 in
625 3090 678 3133 sua
700 3080 783 3150 terga
806 3077 960 3157 recurvis3

116 3168 165 3216 120
225 3157 342 3237 Ubere,
367 3157 444 3236 quod
469 3160 568 3219 nutrix
591 3168 692 3238 posset
714 3159 824 3222 habere
847 3160 943 3223 lovis.

181 3243 238 3304 Lac
262 3245 349 3306 dabat
372 3247 419 3306 illa
443 3246 519 3307 deo.
562 3248 613 3308 sed
636 3249 726 3326 tregit
748 3251 778 3309 in
802 3248 908 3311 arbore
933 3270 1046 3333 cornu,

224 3331 400 3413 Truncaque
424 3334 543 3395 dimidia
566 3344 649 3414 parte
673 3336 789 3397 decoris
813 3347 891 3399 eram

182 3417 307 3479 Sustulit
329 3421 385 3481 hoc
409 3422 557 3503 nymphe,
582 3426 730 3502 cinxitque
754 3425 928 3488 recentibus
950 3427 1067 3508 herbis,

224 3505 261 3565 Et
283 3506 402 3584 plenum
426 3513 521 3588 pomis
545 3511 580 3570 ad
604 3510 681 3572 lovis
704 3530 755 3572 ora
778 3513 862 3575 tulit.
