2408 3900
518 175 689 227 TRISTIUM

577 373 622 446 II.

187 519 247 578 lam
272 518 334 578 iera
358 515 533 576 Caesaribus
557 515 735 595 Germania,
758 521 839 575 tolus
862 523 897 577 ut
920 514 1019 596 orbis,

186 606 269 667 Victa
291 612 392 684 potest
414 587 708 664 flexo‘sueeubuisse
731 621 827 684 genu,

187 695 312 772 Altaque
336 691 470 753 velentur
493 693 619 752 sortasse
642 691 753 752 Palatia
776 693 882 772 sertis,

188 782 326 860 Turaque
348 783 380 840 in
403 781 470 859 igne
494 787 601 840 sonent
622 780 815 858 inficiantque
839 780 935 860 diem,

157 868 377 947 ossandidaque
400 868 526 928 adduela
549 867 657 928 oollum
681 885 823 947 pereussa
846 870 946 929 securi

187 958 311 1018 Viotima
333 973 486 1034 purpureo
510 957 652 1033 sanguine
675 955 774 1035 pulset
796 955 935 1036 humum,

187 1045 328 1124 Donaque
352 1045 514 1104 amicorum
536 1044 654 1122 templis
677 1045 823 1122 promissa
847 1044 971 1105 deorum

188 1132 323 1193 Reddere
347 1133 475 1192 viatores
499 1131 606 1192 Caesar
628 1139 755 1211 uterque
778 1138 883 1211 parent

188 1220 226 1281 Et
250 1222 301 1299 qui
325 1219 467 1280 Caesareo
491 1221 613 1280 iuvenes
637 1218 692 1279 sub
716 1223 834 1281 nomine
859 1227 1017 1300 creseunt,

142 1321 174 1369 10
188 1310 337 1387 Perpetuo
361 1315 456 1368 terras
479 1315 513 1369 ut
536 1307 640 1368 domus
663 1307 712 1367 illa
735 1316 835 1388 regat,

189 1397 322 1475 Cumque
345 1395 431 1456 bonis
454 1394 580 1457 nuribus
603 1413 657 1474 pro
681 1398 793 1473 sospite
816 1395 896 1456 Livia
919 1403 989 1456 nato

189 1486 313 1546 Munera
336 1485 386 1545 det
408 1485 548 1564 meritis,
572 1500 659 1563 saepe
683 1483 809 1564 datura,
833 1484 914 1563 deis,

189 1572 227 1633 Et
250 1574 360 1652 pariter
383 1579 494 1632 matres
517 1580 547 1632 et
570 1589 645 1650 quae
669 1574 732 1632 sine
756 1574 880 1632 erimine
904 1579 1003 1633 casios

188 1661 336 1738 Perpetua
359 1666 478 1719 serrant
501 1661 667 1737 virginitate
691 1660 790 1740 looos3
864 1688 883 1696 ”

142 1759 174 1807 15
189 1746 277 1809 Plebs
299 1749 348 1825 pia
371 1764 499 1825 eumque
521 1749 570 1825 pia
593 1746 719 1808 laetetur
741 1747 828 1826 plebe
852 1757 991 1830 senatus,

188 1836 340 1914 Parvaque
364 1837 449 1896 ouius
473 1852 553 1895 eram
576 1853 645 1913 pars
669 1853 723 1915 ego
747 1853 861 1917 nuper,
885 1855 995 1915 eques.

188 1924 248 1984 Nos
271 1923 377 2002 procul
400 1922 538 2001 expulsos
561 1926 728 1984 eommunia
751 1924 856 2003 gaudia
879 1924 1003 2005 lalluut,

188 2012 336 2090 Famaque
359 2018 418 2072 tarn
441 2011 529 2089 longe
551 2028 611 2071 non
635 2014 694 2072 nisi
716 2029 805 2090 parva
827 2015 928 2074 venit.

189 2099 268 2177 Ergo
292 2101 387 2160 omnis
410 2099 538 2177 populus
560 2102 672 2178 poterit
694 2107 828 2179 spectare
852 2102 1038 2182 triumphos,

141 2199 175 2247 20
189 2187 322 2266 Cumque
346 2187 455 2247 dueum
480 2186 573 2248 titulis
596 2188 701 2267 oppida
726 2196 810 2267 oapta
832 2187 928 2270 leget,

98 2355 100 2360 Ι
190 2274 352 2354 Vinclaque
375 2278 487 2354 captiva
511 2293 597 2353 reges
620 2278 735 2336 cervice
759 2284 897 2356 gerentes

189 2365 265 2424 Ante
288 2370 445 2424 coronatos
467 2366 511 2424 ire
535 2363 646 2425 videbit
669 2381 779 2444 equos,

189 2451 227 2513 Et
250 2459 353 2512 oernet
375 2451 474 2512 vultus
498 2452 561 2512 aliis
584 2470 639 2530 pro
663 2459 797 2532 tempore
820 2470 941 2535 versos,

189 2540 353 2601 Terribiles
376 2539 440 2601 aliis
463 2543 702 2618 inmemoresque
726 2542 790 2601 sui.

142 2639 175 2686 25
190 2629 323 2710 Quorum
347 2645 415 2706 pars
438 2646 542 2688 causas
565 2635 595 2689 et
617 2646 666 2689 res
689 2636 720 2689 et
741 2631 861 2689 nomina
884 2637 1027 2708 quaeret,

188 2716 261 2775 Pars
284 2716 416 2795 referet,
440 2718 572 2794 quamvis
595 2719 711 2777 noverit
733 2715 782 2777 illa
804 2735 928 2796 parum.

189 2798 273 2889 llio,
297 2804 350 2880 qui
373 2802 494 2863 Sidonio
518 2804 611 2882 fulget
634 2804 768 2865 sublimis
791 2807 822 2865 in
845 2814 946 2886 ostro,
1036 2809 1040 2818 '

189 2890 254 2951 Dux
273 2891 370 2950 luerat
392 2889 478 2970 belli,
501 2894 653 2970 proximus
676 2892 724 2953 ille
748 2892 834 2953 duci.

188 2978 244 3039 llio
256 3025 265 3060 ,
290 2979 342 3056 qui
364 2996 444 3038 nuno
467 2980 498 3039 in
521 2979 610 3041 humo
633 2979 734 3041 lumen
757 2979 925 3042 miserabile
948 2981 1033 3064 fixit,

143 3079 177 3128 30
191 3066 256 3127 Non
280 3068 337 3127 isto
360 3065 444 3127 vultu
457 3112 466 3146 ,
490 3085 559 3128 oum
580 3068 649 3129 tulit
672 3086 752 3129 arma
765 3115 774 3150 ,
798 3070 871 3130 luit.

189 3155 240 3215 llle
264 3155 347 3215 ieron
371 3163 401 3215 et
424 3154 520 3215 adhue
543 3155 637 3217 oculis
661 3156 818 3217 hostilibus
843 3156 951 3218 ardens

188 3243 329 3304 Hortator
351 3261 467 3322 pugnae
491 3243 706 3323 consiliumque
731 3246 803 3306 luit.

189 3330 325 3392 Perfidus
347 3331 395 3392 hie
419 3339 537 3393 nostros
560 3331 681 3393 inclusit
703 3333 807 3394 fraude
830 3333 983 3416 locorum,

190 3417 328 3497 Squalida
350 3422 506 3498 promissis
530 3422 581 3499 qui
603 3423 677 3498 tegit
700 3439 750 3482 ora
775 3423 885 3484 comis.

142 3516 175 3566 35
191 3505 265 3586 lllo,
289 3508 341 3585 qui
364 3510 520 3588 sequitur,
544 3507 648 3569 dieunt
670 3517 795 3571 mactata
819 3513 958 3572 ministro
