2386 3892
144 170 208 235 166
551 173 600 223 EX
617 173 737 224 ΡΟΝΤΟ

233 336 309 408 Quid
334 338 444 417 iacias,
469 333 617 416 quaeris?
647 354 771 414 quaeras
793 334 851 396 hoc
875 335 990 398 scilieet
1012 339 1131 417 ipsum,

276 424 432 503 Invenies,
455 442 524 484 vere
548 427 574 485 si
596 427 729 503 reperire
752 423 852 484 voles.

184 524 217 573 35
232 511 311 572 Velle
334 530 439 592 parum
463 520 530 573 est:
572 514 696 593 eripias,
723 520 757 573 ut
784 529 816 572 re
840 514 964 591 potiaris
977 559 987 594 ,
1015 521 1149 595 oportet,

276 600 313 660 Et
336 601 424 660 iaciat
447 619 566 660 somnos
588 600 661 661 haec
684 599 739 660 tibi
762 618 833 661 cura
856 599 980 661 breves.

232 686 311 748 Velle
334 707 403 748 reor
422 688 551 749 multos.
589 691 655 768 quis
674 690 752 748 enim
773 687 844 748 mihi
867 696 928 748 tam
951 691 991 750 sit
1012 690 1145 770 iniquus,

277 776 366 855 Optet
388 786 422 838 ut
445 777 564 837 exilium
587 788 659 855 paee
682 793 784 836 carere
807 773 937 836 meum?

232 863 356 925 Pectore
379 872 409 925 te
432 872 494 925 toto
519 867 693 943 cunctisque
716 863 889 925 incumbere
912 866 1013 925 nervis

185 964 219 1011 40
279 952 316 1012 Et
339 955 393 1013 niti
415 972 470 1032 pro
494 971 540 1013 me
564 961 650 1013 nocte
675 952 781 1030 dieque
805 951 908 1012 decet.

233 1039 329 1118 thue
352 1043 455 1101 iuvent
477 1040 547 1120 alii,
570 1049 602 1101 tu
627 1039 718 1101 debes
740 1043 859 1101 vincere
883 1041 1013 1121 amicos,

275 1128 356 1188 Uxor
379 1135 409 1188 et
432 1128 466 1188 ad
490 1130 582 1207 partis
605 1130 701 1208 prima
722 1131 824 1189 venire
847 1135 931 1189 tuas.

232 1215 335 1295 Magna
358 1216 412 1276 tibi
434 1219 571 1295 imposita
596 1225 641 1277 est
664 1219 775 1278 nostris
798 1234 925 1296 persona
948 1214 1073 1277 libellis:

277 1304 416 1384 Coniugis
440 1305 606 1384 exemplum
630 1305 738 1366 diceris
761 1322 827 1365 esse
850 1304 964 1365 bonae.

183 1403 217 1452 45
231 1391 312 1453 Hanc
336 1411 404 1453 cave
429 1394 612 1475 degeneres,
641 1401 675 1453 ut
698 1396 757 1454 sint
778 1395 937 1473 praeconia
959 1400 1061 1453 nostra
1103 1403 1142 1455 (τι)

276 1480 373 1562 Vera3
396 1481 485 1562 vide,
508 1482 601 1542 famae
625 1482 704 1560 quod
727 1483 838 1542 tuearis
861 1499 954 1560 opus.

231 1567 269 1628 Ut
292 1568 364 1629 nihil
387 1572 450 1649 ipse
475 1588 583 1648 querar
596 1616 604 1649 ‚
628 1572 717 1630 tacito
741 1588 789 1630 me
811 1570 888 1630 lama
911 1575 1072 1650 queretur,

259 1655 357 1727 Quae
381 1656 469 1717 debet
481 1704 490 1736 ‚
514 1658 604 1718 luerit
628 1661 658 1718 ni
681 1658 735 1718 tibi
758 1675 830 1718 cura
854 1658 930 1718 mei.

232 1744 376 1822 Exposuit
399 1762 463 1804 mea
485 1763 532 1805 me
556 1745 665 1825 populo
689 1747 808 1807 fortuna
830 1743 1009 1826 videndum,

185 1842 217 1891 50
277 1831 314 1892 Et
337 1831 404 1910 plus
427 1835 570 1912 notitiae,
594 1852 682 1912 quam
704 1834 761 1894 luit
783 1840 874 1912 ante,
897 1831 996 1895 dedit.

233 1918 337 1979 Notior
361 1927 405 1979 est
428 1920 523 1980 iactus
548 1920 700 2000 Capaneus
723 1940 739 1981 a
762 1921 894 1981 fulminis
916 1923 999 1982 ictu:

276 2007 370 2067 Notus
393 2007 483 2067 hermo
507 2010 614 2068 mersis
637 2009 831 2087 Amphiaraus
854 2010 959 2087 equis.

234 2095 265 2154 Si
288 2098 386 2154 minus
410 2102 561 2174 errasset,
585 2104 673 2156 notus
697 2099 795 2157 minus
819 2103 899 2155 esset
922 2094 1038 2156 Ulixes:

275 2181 378 2261 Magna
400 2182 581 2243 Philoctetae
605 2183 725 2243 vulnere
749 2183 824 2242 hma
848 2200 903 2242 suo
927 2190 990 2242 est.

185 2282 218 2332 55
235 2271 266 2330 Si
289 2271 372 2331 locus
396 2278 442 2331 est
464 2270 569 2348 aliquis
593 2278 672 2330 tanta
695 2267 774 2330 inter
797 2272 917 2329 nomina
938 2271 1055 2350 parvis,

276 2359 336 2419 Nos
359 2377 477 2438 quoque
501 2361 678 2438 conspicuos
697 2365 798 2418 nostra
820 2360 907 2418 ruina
930 2357 1017 2418 iacit.

232 2447 293 2509 Nec
316 2455 345 2509 te
370 2450 479 2508 nesciri
502 2450 613 2526 patitur
636 2464 701 2507 mea
724 2449 851 2525 pagina,
875 2462 934 2525 que
956 2462 1016 2506 non

275 2536 402 2596 lnlerius
426 2535 485 2596 Coa
507 2534 615 2595 Bittide
639 2552 747 2594 nomeu
769 2532 879 2595 habes.

233 2623 382 2703 Quidquid
407 2642 475 2703 ages
498 2626 590 2702 igitur
602 2669 611 2703 ,
635 2640 740 2683 scaena
759 2620 934 2700 spectabere
956 2638 1077 2701 magna,

183 2723 217 2772 eo
276 2710 314 2770 Et
336 2714 383 2790 pia
406 2730 466 2771 non
489 2714 587 2790 parvis
610 2710 737 2771 testibus
761 2727 835 2770 uum
858 2710 936 2771 eris.

232 2797 326 2857 Crede
350 2799 442 2878 mihi,
467 2801 604 2878 quotiens
627 2798 755 2859 laudaris
778 2800 909 2859 carmine
930 2804 1051 2878 nostro,

277 2884 334 2956 Qui
358 2884 429 2963 legit
451 2887 504 2946 has
527 2886 650 2967 laudes,
675 2905 712 2947 an
734 2904 890 2965 mereare,
913 2893 1016 2964 rogat.

233 2972 329 3051 thue
353 2973 451 3034 lavere
474 2993 544 3034 reor
566 2975 667 3053 plures
690 2974 850 3035 virtutibus
874 2976 958 3054 istis,

220 3087 222 3090 ⁴
277 3062 326 3121 Sic
350 3070 400 3123 tua
424 3080 481 3121 raon
505 3080 615 3141 paucae
638 3081 760 3142 carpere
784 3063 861 3122 iacta
884 3061 1000 3123 volent:

184 3162 218 3211 65
234 3151 366 3221 Quarum
388 3161 421 3211 tu
445 3158 582 3232 praesta,
606 3169 643 3211 ne
666 3150 741 3210 livor
764 3150 864 3211 dicere
887 3151 983 3229 possit

277 3235 373 3299 ‘llaec
398 3246 444 3299 est
466 3257 520 3318 pro
544 3241 645 3298 miseri
668 3238 747 3299 lenta
770 3238 864 3299 salute
887 3233 972 3299 viri?

232 3325 364 3405 Cumque
384 3345 438 3405 ego
457 3327 608 3407 deficiam,
626 3344 682 3387 nec
700 3329 812 3406 possim
831 3325 942 3387 ducere
961 3329 1136 3404 curcumitu

276 3413 333 3474 Fac
357 3423 389 3474 tu
413 3418 560 3476 sustineas
583 3413 679 3475 debile
703 3415 764 3475 sola
787 3417 907 3492 iugum.

232 3498 275 3558 nd
299 3501 445 3562 medicum
469 3511 571 3583 specto
595 3504 678 3564 venis
701 3503 883 3582 fugientibus
906 3519 1011 3582 aeger:
