2386 3892
436 207 457 258 1.
476 216 514 258 m
528 209 619 260 '184ยน
635 210 675 258 15.

90 384 123 434 10
137 371 266 450 Ingemit
288 377 319 431 et
341 372 451 430 nostris
474 371 537 448 ipsa
561 371 659 429 carina
683 369 784 431 malis.

137 459 263 540 Navita,
286 458 441 518 coufessus
464 455 593 535 gelidum
616 456 726 536 pallore
750 461 904 540 timorem,

138 547 200 608 11111
224 547 360 625 sequitur
383 547 502 624 victus,
525 561 585 604 non
608 547 685 624 regit
708 553 771 606 arte
794 556 905 607 ratem.

136 635 237 714 thue
259 651 364 713 parum
387 632 500 693 validus
523 650 583 692 nou
605 634 789 712 proficientia
811 644 914 696 rector

139 723 270 784 Cervicis
293 721 406 800 rigidae
429 722 511 781 irena
535 722 660 780 remittit
683 739 777 801 equo,

90 823 123 871 15
140 810 190 871 Sic
213 827 273 870 non
302 827 361 887 quo
388 808 502 888 voluit,
531 807 583 868 sed
606 826 665 887 quo
693 811 771 889 rapit
793 810 921 890 lmpetus
944 812 1058 891 undae,

139 899 279 977 Aurigam
301 896 386 957 video
408 895 472 956 vela
495 895 612 956 dedisse
636 899 701 956 rati.

140 985 226 1056 Quod
249 986 308 1045 nisi
330 991 458 1045 mutatas
481 985 615 1050 emiserit
637 983 745 1045 Aeolus
769 1003 873 1068 auras,

139 1073 173 1134 ln
197 1073 261 1134 loca
283 1074 341 1132 iarn
365 1071 452 1132 nobis
475 1088 535 1132 non
558 1070 691 1132 adeunda
714 1073 810 1134 lerar.

139 1161 213 1222 Nam
235 1160 341 1241 procul
362 1159 470 1238 Illyriis
493 1160 572 1220 laeva
595 1161 632 1221 de
654 1169 738 1240 parte
761 1161 875 1223 relictis

89 1262 125 1310 11
141 1248 300 1310 Interdicta
323 1247 397 1308 mihi
419 1249 552 1308 cernitur
574 1247 674 1310 ltalia.

140 1337 260 1397 llesinat
282 1339 313 1397 in
336 1338 462 1418 vetitas,
486 1353 619 1415 quaeso,
642 1335 823 1396 contendere
846 1344 961 1418 terras,

140 1425 178 1485 Et
200 1443 317 1485 meeum
340 1442 446 1503 magno
468 1432 571 1503 pareat
593 1441 664 1484 aura
688 1424 761 1486 deo.

141 1513 216 1574 Dum
239 1512 367 1592 loquor,
391 1520 421 1572 11
443 1514 533 1572 timeo
556 1513 669 1591 pariter
692 1514 839 1592 cupioque
862 1512 983 1593 repelli,

142 1601 293 1679 Increpuit
316 1602 434 1678 quantis
457 1599 570 1660 viribus
594 1599 671 1660 unda
695 1598 788 1661 latusl

95 1702 129 1750 25
143 1689 258 1749 Parcite
282 1686 435 1769 caerulei,
458 1705 509 1747 vos
532 1690 644 1768 parcite
657 1736 666 1769 ,
689 1690 810 1749 numina
833 1691 933 1768 ponti,

142 1777 343 1854 lnlestumque
367 1775 439 1836 milri
463 1777 501 1836 sit
524 1778 594 1836 satis
618 1793 684 1836 esse
708 1775 822 1836 lovem.

141 1863 197 1924 Vos
221 1866 347 1924 animam
371 1881 473 1924 111111
496 1864 605 1923 fessam
628 1863 784 1924 subducite
808 1866 913 1942 morti,

143 1951 173 2012 Si
195 1952 304 2033 modo,
327 1954 378 2030 qui
402 1952 512 2031 periit,
535 1969 595 2011 non
617 1953 742 2030 periisse
765 1958 871 2030 potest.

529 2142 571 2216 V.

141 2301 164 2362 0
187 2301 259 2362 mihi
282 2309 350 2380 post
368 2300 464 2362 uullos
487 2319 627 2380 umquam
650 2301 839 2362 memorande
863 2301 994 2380 sodales,

142 2389 165 2450 0
188 2392 237 2450 cui
260 2391 420 2469 praecipue
443 2407 509 2449 sors
532 2406 596 2448 mea
622 2391 684 2448 1111
707 2407 759 2450 111
782 2398 845 2469 111,

141 2479 306 2538 Attonitum
330 2479 381 2556 qui
403 2495 474 2558 me,
497 2477 640 2555 memini,
663 2477 814 2536 carissime
826 2522 836 2556 ,
858 2477 973 2554 primus

140 2566 237 2626 Ausus
262 2584 294 2626 es
317 2564 454 2643 adloquio
478 2565 655 2625 sustinuisse
678 2572 748 2642 tuo,

113 2653 197 2724 50111
218 2653 294 2714 mihi
316 2652 472 2713 consilium
494 2651 612 2713 vivendi
635 2652 706 2711 mite
730 2650 845 2730 dedisti,

142 2740 214 2802 Cum
238 2741 315 2801 loret
337 2743 368 2800 in
391 2741 501 2800 misero
524 2749 645 2819 pectore
669 2741 773 2800 mortis
796 2757 899 2821 amor,

142 2827 205 2888 Scis
228 2827 327 2908 hene,
351 2830 400 2889 cui
423 2828 541 2908 dicam,
563 2830 669 2908 positis
691 2846 745 2907 pro
769 2830 888 2889 nomine
913 2829 1021 2906 signis,

140 2914 278 2976 Officium
301 2933 356 2976 nec
379 2924 409 2976 te
432 2914 528 2995 lallit,
551 2919 666 2995 amice,
689 2924 791 2977 tuum.

140 3003 217 3064 llaec
240 3003 312 3063 mihi
335 3020 452 3083 semper
476 3012 564 3063 erunt
586 3006 654 3064 imis
677 3004 765 3063 inlixa
788 3003 942 3080 medullis,

99 3101 127 3150 10
141 3090 366 3171 Perpetuusque
389 3092 502 3151 animae
526 3089 642 3152 debitor
665 3090 755 3151 huius
778 3109 847 3170 ero,

143 3178 271 3258 Spiritus
295 3188 325 3240 et
347 3197 454 3240 vacuas
476 3181 561 3258 prius
583 3178 632 3240 hic
655 3177 822 3239 tenuandus
844 3179 876 3237 in
899 3194 985 3237 auras

141 3266 218 3348 lbit,
242 3269 325 3327 etin
348 3267 447 3346 tepido
471 3266 590 3328 deseret
612 3284 679 3327 ossa
702 3283 792 3344 rogo,

142 3354 234 3424 Quam
258 3354 384 3415 subeant
407 3357 503 3416 auimo
526 3357 701 3416 meritorum
725 3353 830 3413 oblivia
852 3360 972 3432 nostro,

140 3440 177 3502 Et
198 3442 285 3521 longa
307 3444 402 3522 pietas
425 3443 540 3504 excidat
562 3446 618 3503 ista
642 3442 706 3503 die.

100 3538 128 3587 15
141 3529 175 3589 lli
198 3530 252 3591 tibi
276 3532 337 3591 siut
358 3530 481 3610 faciles,
504 3529 558 3589 tibi
582 3530 612 3591 di
634 3529 745 3591 nulllus
768 3538 904 3609 egentem
