<?xml version="1.0" encoding="UTF-8"?>
<!DOCTYPE html PUBLIC "-//W3C//DTD XHTML 1.0 Transitional//EN"
    "http://www.w3.org/TR/xhtml1/DTD/xhtml1-transitional.dtd">
<html xmlns="http://www.w3.org/1999/xhtml" xml:lang="en" lang="en">
 <head>
  <title>
</title>
<meta http-equiv="Content-Type" content="text/html;charset=utf-8" />
  <meta name='ocr-system' content='tesseract 3.04.00' />
  <meta name='ocr-capabilities' content='ocr_page ocr_carea ocr_par ocr_line ocrx_word'/>
</head>
<body>
  <div class='ocr_page' id='page_1' title='image "./ovidiusexiterat00ovidgoog_0170.png"; bbox 0 0 2386 3892; ppageno 0'>
   <div class='ocr_carea' id='block_1_1' title="bbox 476 176 1080 242">
    <p class='ocr_par' dir='ltr' id='par_1_1' title="bbox 476 176 1080 242">
     <span class='ocr_line' id='line_1_1' title="bbox 476 176 1080 242; baseline 0 -10"><span class='ocrx_word' id='word_1_1' title='bbox 476 179 510 232; x_wconf 81' lang='lat' dir='ltr'><strong>V.</strong></span> <span class='ocrx_word' id='word_1_2' title='bbox 527 181 676 233; x_wconf 77' lang='lat' dir='ltr'><strong>tto-ota.</strong></span> <span class='ocrx_word' id='word_1_3' title='bbox 1015 176 1080 242; x_wconf 82' lang='lat'><strong>119</strong></span> 
     </span>
    </p>
   </div>
   <div class='ocr_carea' id='block_1_2' title="bbox 88 341 1084 3566">
    <p class='ocr_par' dir='ltr' id='par_1_2' title="bbox 88 341 1084 3566">
     <span class='ocr_line' id='line_1_2' title="bbox 165 341 1057 423; baseline 0.002 -21"><span class='ocrx_word' id='word_1_4' title='bbox 165 342 258 422; x_wconf 91' lang='lat' dir='ltr'><strong>thue</strong></span> <span class='ocrx_word' id='word_1_5' title='bbox 281 361 375 423; x_wconf 89' lang='lat' dir='ltr'><strong>nepos</strong></span> <span class='ocrx_word' id='word_1_6' title='bbox 397 341 547 423; x_wconf 75' lang='lat' dir='ltr'><strong>Aethrae,</strong></span> <span class='ocrx_word' id='word_1_7' title='bbox 570 341 692 404; x_wconf 84' lang='lat' dir='ltr'><strong>Veneris</strong></span> <span class='ocrx_word' id='word_1_8' title='bbox 718 345 880 404; x_wconf 90' lang='lat' dir='ltr'><strong>moriturus</strong></span> <span class='ocrx_word' id='word_1_9' title='bbox 903 341 942 403; x_wconf 92' lang='lat' dir='ltr'><strong>ob</strong></span> <span class='ocrx_word' id='word_1_10' title='bbox 964 343 1057 423; x_wconf 88' lang='lat' dir='ltr'><strong>iram,</strong></span> 
     </span>
     <span class='ocr_line' id='line_1_3' title="bbox 206 430 803 510; baseline 0.002 -19"><span class='ocrx_word' id='word_1_11' title='bbox 206 430 281 492; x_wconf 82' lang='lat' dir='ltr'><strong>Exul</strong></span> <span class='ocrx_word' id='word_1_12' title='bbox 304 430 341 492; x_wconf 88' lang='lat' dir='ltr'><strong>ab</strong></span> <span class='ocrx_word' id='word_1_13' title='bbox 364 434 496 492; x_wconf 89' lang='lat' dir='ltr'><strong>attonitis</strong></span> <span class='ocrx_word' id='word_1_14' title='bbox 519 433 678 492; x_wconf 80' lang='lat' dir='ltr'><strong>excutiaris</strong></span> <span class='ocrx_word' id='word_1_15' title='bbox 702 433 803 510; x_wconf 89' lang='lat' dir='ltr'><strong>equis.</strong></span> 
     </span>
     <span class='ocr_line' id='line_1_4' title="bbox 162 518 1057 600; baseline 0.002 -22"><span class='ocrx_word' id='word_1_16' title='bbox 162 518 287 598; x_wconf 84' lang='lat' dir='ltr'>Propter</span> <span class='ocrx_word' id='word_1_17' title='bbox 310 537 383 598; x_wconf 89' lang='lat' dir='ltr'><strong>opes</strong></span> <span class='ocrx_word' id='word_1_18' title='bbox 405 536 525 598; x_wconf 90' lang='lat' dir='ltr'><strong>magnas</strong></span> <span class='ocrx_word' id='word_1_19' title='bbox 548 526 583 580; x_wconf 88' lang='lat' dir='ltr'><strong>ut</strong></span> <span class='ocrx_word' id='word_1_20' title='bbox 605 519 734 598; x_wconf 76' lang='lat' dir='ltr'>perdidit</span> <span class='ocrx_word' id='word_1_21' title='bbox 756 518 865 599; x_wconf 88' lang='lat' dir='ltr'><strong>hospes</strong></span> <span class='ocrx_word' id='word_1_22' title='bbox 888 518 1057 600; x_wconf 89' lang='lat' dir='ltr'><strong>alumnum,</strong></span> 
     </span>
     <span class='ocr_line' id='line_1_5' title="bbox 88 605 907 688; baseline 0.001 -20"><span class='ocrx_word' id='word_1_23' title='bbox 88 618 148 668; x_wconf 85' lang='grc'><strong>580</strong></span> <span class='ocrx_word' id='word_1_24' title='bbox 208 605 314 668; x_wconf 85' lang='lat' dir='ltr'>Perdat</span> <span class='ocrx_word' id='word_1_25' title='bbox 337 606 374 667; x_wconf 95' lang='lat' dir='ltr'><strong>ob</strong></span> <span class='ocrx_word' id='word_1_26' title='bbox 398 609 518 685; x_wconf 84' lang='lat' dir='ltr'><strong>exiguas</strong></span> <span class='ocrx_word' id='word_1_27' title='bbox 541 614 571 667; x_wconf 91' lang='lat' dir='ltr'><strong>te</strong></span> <span class='ocrx_word' id='word_1_28' title='bbox 595 614 665 668; x_wconf 88' lang='lat' dir='ltr'><strong>tuus</strong></span> <span class='ocrx_word' id='word_1_29' title='bbox 687 607 795 687; x_wconf 83' lang='lat' dir='ltr'><strong>hospes</strong></span> <span class='ocrx_word' id='word_1_30' title='bbox 818 626 907 688; x_wconf 91' lang='lat' dir='ltr'><strong>opes.</strong></span> 
     </span>
     <span class='ocr_line' id='line_1_6' title="bbox 162 693 986 773; baseline 0.002 -19"><span class='ocrx_word' id='word_1_31' title='bbox 162 693 259 773; x_wconf 88' lang='lat' dir='ltr'><strong>thue</strong></span> <span class='ocrx_word' id='word_1_32' title='bbox 290 696 392 756; x_wconf 88' lang='lat' dir='ltr'><strong>lerunt</strong></span> <span class='ocrx_word' id='word_1_33' title='bbox 423 712 525 755; x_wconf 91' lang='lat' dir='ltr'><strong>caesos</strong></span> <span class='ocrx_word' id='word_1_34' title='bbox 557 711 609 755; x_wconf 78' lang='lat' dir='ltr'><strong>son</strong></span> <span class='ocrx_word' id='word_1_35' title='bbox 641 712 708 756; x_wconf 93' lang='lat' dir='ltr'><strong>cum</strong></span> <span class='ocrx_word' id='word_1_36' title='bbox 741 693 986 757; x_wconf 77' lang='lat' dir='ltr'><strong>Damasichthone</strong></span> 
     </span>
     <span class='ocr_line' id='line_1_7' title="bbox 708 783 1080 863; baseline 0.008 -20"><span class='ocrx_word' id='word_1_37' title='bbox 708 783 838 863; x_wconf 85' lang='lat' dir='ltr'><strong>iratres,</strong></span> <span class='ocrx_word' id='word_1_38' title='bbox 1036 794 1080 846; x_wconf 83' lang='grc'><strong>00</strong></span> 
     </span>
     <span class='ocr_line' id='line_1_8' title="bbox 208 867 880 949; baseline 0.006 -19"><span class='ocrx_word' id='word_1_39' title='bbox 208 867 338 933; x_wconf 82' lang='lat' dir='ltr'><strong>Intereat</strong></span> <span class='ocrx_word' id='word_1_40' title='bbox 358 878 459 931; x_wconf 90' lang='lat' dir='ltr'><strong>tecum</strong></span> <span class='ocrx_word' id='word_1_41' title='bbox 482 873 526 931; x_wconf 89' lang='lat' dir='ltr'><strong>sic</strong></span> <span class='ocrx_word' id='word_1_42' title='bbox 548 888 643 949; x_wconf 87' lang='lat' dir='ltr'><strong>genus</strong></span> <span class='ocrx_word' id='word_1_43' title='bbox 666 889 753 931; x_wconf 90' lang='lat' dir='ltr'><strong>omne</strong></span> <span class='ocrx_word' id='word_1_44' title='bbox 775 879 880 934; x_wconf 88' lang='lat' dir='ltr'><strong>tuum.</strong></span> 
     </span>
     <span class='ocr_line' id='line_1_9' title="bbox 164 957 929 1034; baseline 0.004 -17"><span class='ocrx_word' id='word_1_45' title='bbox 164 957 283 1019; x_wconf 79' lang='lat' dir='ltr'><strong>Addidit</strong></span> <span class='ocrx_word' id='word_1_46' title='bbox 305 966 339 1020; x_wconf 89' lang='lat' dir='ltr'><strong>ut</strong></span> <span class='ocrx_word' id='word_1_47' title='bbox 361 959 468 1019; x_wconf 85' lang='lat' dir='ltr'><strong>fidicen</strong></span> <span class='ocrx_word' id='word_1_48' title='bbox 491 960 609 1020; x_wconf 89' lang='lat' dir='ltr'><strong>miseris</strong></span> <span class='ocrx_word' id='word_1_49' title='bbox 632 977 685 1020; x_wconf 92' lang='lat' dir='ltr'><strong>sua</strong></span> <span class='ocrx_word' id='word_1_50' title='bbox 708 960 812 1020; x_wconf 87' lang='lat' dir='ltr'><strong>lunera</strong></span> <span class='ocrx_word' id='word_1_51' title='bbox 835 960 929 1034; x_wconf 84' lang='lat' dir='ltr'><strong>natis,</strong></span> 
     </span>
     <span class='ocr_line' id='line_1_10' title="bbox 208 1045 842 1109; baseline 0.002 -2"><span class='ocrx_word' id='word_1_52' title='bbox 208 1045 258 1107; x_wconf 88' lang='lat' dir='ltr'><strong>Sic</strong></span> <span class='ocrx_word' id='word_1_53' title='bbox 280 1045 335 1107; x_wconf 92' lang='lat' dir='ltr'><strong>tibi</strong></span> <span class='ocrx_word' id='word_1_54' title='bbox 358 1049 418 1108; x_wconf 90' lang='lat' dir='ltr'><strong>sint</strong></span> <span class='ocrx_word' id='word_1_55' title='bbox 441 1049 516 1108; x_wconf 84' lang='lat' dir='ltr'><strong>vitae</strong></span> <span class='ocrx_word' id='word_1_56' title='bbox 538 1047 634 1108; x_wconf 92' lang='lat' dir='ltr'><strong>taedia</strong></span> <span class='ocrx_word' id='word_1_57' title='bbox 656 1049 734 1108; x_wconf 89' lang='lat' dir='ltr'><strong>iusta</strong></span> <span class='ocrx_word' id='word_1_58' title='bbox 755 1056 842 1109; x_wconf 87' lang='lat' dir='ltr'><strong>tuae.</strong></span> 
     </span>
     <span class='ocr_line' id='line_1_11' title="bbox 91 1133 890 1215; baseline 0.001 -20"><span class='ocrx_word' id='word_1_59' title='bbox 91 1145 147 1196; x_wconf 82' lang='grc'><strong>585</strong></span> <span class='ocrx_word' id='word_1_60' title='bbox 162 1133 237 1195; x_wconf 86' lang='lat' dir='ltr'><strong>Utve</strong></span> <span class='ocrx_word' id='word_1_61' title='bbox 260 1152 346 1195; x_wconf 90' lang='lat' dir='ltr'><strong>soror</strong></span> <span class='ocrx_word' id='word_1_62' title='bbox 368 1134 509 1215; x_wconf 90' lang='lat' dir='ltr'><strong>Pelopis,</strong></span> <span class='ocrx_word' id='word_1_63' title='bbox 533 1153 603 1195; x_wconf 82' lang='lat' dir='ltr'><strong>saxo</strong></span> <span class='ocrx_word' id='word_1_64' title='bbox 625 1134 743 1196; x_wconf 90' lang='lat' dir='ltr'><strong>dureris</strong></span> <span class='ocrx_word' id='word_1_65' title='bbox 765 1135 890 1214; x_wconf 91' lang='lat' dir='ltr'><strong>oborto,</strong></span> 
     </span>
     <span class='ocr_line' id='line_1_12' title="bbox 207 1221 852 1301; baseline 0 -18"><span class='ocrx_word' id='word_1_66' title='bbox 207 1221 247 1284; x_wconf 78' lang='lat' dir='ltr'><strong>tit</strong></span> <span class='ocrx_word' id='word_1_67' title='bbox 268 1222 365 1283; x_wconf 90' lang='lat' dir='ltr'><strong>laesus</strong></span> <span class='ocrx_word' id='word_1_68' title='bbox 388 1222 488 1301; x_wconf 89' lang='lat' dir='ltr'><strong>lingua</strong></span> <span class='ocrx_word' id='word_1_69' title='bbox 510 1222 613 1284; x_wconf 87' lang='lat' dir='ltr'><strong>Battus</strong></span> <span class='ocrx_word' id='word_1_70' title='bbox 636 1223 672 1283; x_wconf 91' lang='lat' dir='ltr'><strong>ab</strong></span> <span class='ocrx_word' id='word_1_71' title='bbox 695 1225 759 1300; x_wconf 91' lang='lat' dir='ltr'><strong>ipse</strong></span> <span class='ocrx_word' id='word_1_72' title='bbox 782 1241 852 1284; x_wconf 89' lang='lat' dir='ltr'><strong>sua.</strong></span> 
     </span>
     <span class='ocr_line' id='line_1_13' title="bbox 163 1309 881 1389; baseline 0 -19"><span class='ocrx_word' id='word_1_73' title='bbox 163 1311 239 1372; x_wconf 81' lang='lat' dir='ltr'><strong>Aira</strong></span> <span class='ocrx_word' id='word_1_74' title='bbox 262 1312 288 1371; x_wconf 93' lang='lat' dir='ltr'><strong>si</strong></span> <span class='ocrx_word' id='word_1_75' title='bbox 310 1312 401 1371; x_wconf 92' lang='lat' dir='ltr'><strong>misso</strong></span> <span class='ocrx_word' id='word_1_76' title='bbox 424 1310 570 1389; x_wconf 88' lang='lat' dir='ltr'><strong>liquidnm</strong></span> <span class='ocrx_word' id='word_1_77' title='bbox 592 1309 758 1372; x_wconf 90' lang='lat' dir='ltr'><strong>iaculabere</strong></span> <span class='ocrx_word' id='word_1_78' title='bbox 781 1311 881 1388; x_wconf 89' lang='lat' dir='ltr'><strong>disco,</strong></span> 
     </span>
     <span class='ocr_line' id='line_1_14' title="bbox 208 1395 954 1478; baseline -0.005 -19"><span class='ocrx_word' id='word_1_79' title='bbox 208 1397 273 1468; x_wconf 81' lang='lat' dir='ltr'><strong>Quo</strong></span> <span class='ocrx_word' id='word_1_80' title='bbox 295 1416 370 1478; x_wconf 92' lang='lat' dir='ltr'><strong>puer</strong></span> <span class='ocrx_word' id='word_1_81' title='bbox 394 1397 572 1478; x_wconf 78' lang='lat' dir='ltr'><strong>Oebalides,</strong></span> <span class='ocrx_word' id='word_1_82' title='bbox 594 1401 672 1459; x_wconf 90' lang='lat' dir='ltr'><strong>ictus</strong></span> <span class='ocrx_word' id='word_1_83' title='bbox 694 1397 731 1457; x_wconf 93' lang='lat' dir='ltr'><strong>ab</strong></span> <span class='ocrx_word' id='word_1_84' title='bbox 755 1397 827 1458; x_wconf 92' lang='lat' dir='ltr'><strong>orhe</strong></span> <span class='ocrx_word' id='word_1_85' title='bbox 850 1395 954 1456; x_wconf 89' lang='lat' dir='ltr'><strong>cadas.</strong></span> 
     </span>
     <span class='ocr_line' id='line_1_15' title="bbox 164 1484 941 1566; baseline -0.003 -20"><span class='ocrx_word' id='word_1_86' title='bbox 164 1485 255 1566; x_wconf 87' lang='lat' dir='ltr'><strong>Siqua</strong></span> <span class='ocrx_word' id='word_1_87' title='bbox 277 1485 332 1566; x_wconf 88' lang='lat' dir='ltr'><strong>per&#39;</strong></span> <span class='ocrx_word' id='word_1_88' title='bbox 354 1486 484 1548; x_wconf 89' lang='lat' dir='ltr'><strong>alternos</strong></span> <span class='ocrx_word' id='word_1_89' title='bbox 507 1486 672 1565; x_wconf 87' lang='lat' dir='ltr'><strong>pulsabitur</strong></span> <span class='ocrx_word' id='word_1_90' title='bbox 695 1484 774 1546; x_wconf 89' lang='lat' dir='ltr'><strong>unda</strong></span> <span class='ocrx_word' id='word_1_91' title='bbox 796 1485 941 1564; x_wconf 90' lang='lat' dir='ltr'><strong>lacertos,</strong></span> 
     </span>
     <span class='ocr_line' id='line_1_16' title="bbox 95 1572 834 1654; baseline -0.003 -19"><span class='ocrx_word' id='word_1_92' title='bbox 95 1585 150 1635; x_wconf 82' lang='grc'><strong>590</strong></span> <span class='ocrx_word' id='word_1_93' title='bbox 209 1572 312 1635; x_wconf 86' lang='lat' dir='ltr'><strong>Omnis</strong></span> <span class='ocrx_word' id='word_1_94' title='bbox 335 1573 474 1653; x_wconf 78' lang='lat' dir='ltr'><strong>Abydena</strong></span> <span class='ocrx_word' id='word_1_95' title='bbox 497 1577 536 1635; x_wconf 89' lang='lat' dir='ltr'><strong>sit</strong></span> <span class='ocrx_word' id='word_1_96' title='bbox 559 1574 612 1634; x_wconf 90' lang='lat' dir='ltr'><strong>tibi</strong></span> <span class='ocrx_word' id='word_1_97' title='bbox 634 1576 717 1654; x_wconf 92' lang='lat' dir='ltr'><strong>peior</strong></span> <span class='ocrx_word' id='word_1_98' title='bbox 741 1591 834 1652; x_wconf 93' lang='lat' dir='ltr'><strong>aqua.</strong></span> 
     </span>
     <span class='ocr_line' id='line_1_17' title="bbox 165 1659 1028 1742; baseline -0.002 -20"><span class='ocrx_word' id='word_1_99' title='bbox 165 1661 302 1723; x_wconf 83' lang='lat' dir='ltr'><strong>Comicus</strong></span> <span class='ocrx_word' id='word_1_100' title='bbox 325 1670 359 1723; x_wconf 89' lang='lat' dir='ltr'><strong>ut</strong></span> <span class='ocrx_word' id='word_1_101' title='bbox 380 1661 486 1722; x_wconf 90' lang='lat' dir='ltr'><strong>mediis</strong></span> <span class='ocrx_word' id='word_1_102' title='bbox 508 1664 599 1741; x_wconf 91' lang='lat' dir='ltr'><strong>periit</strong></span> <span class='ocrx_word' id='word_1_103' title='bbox 611 1708 620 1742; x_wconf 92' lang='lat'><strong>,</strong></span> <span class='ocrx_word' id='word_1_104' title='bbox 643 1662 713 1723; x_wconf 92' lang='lat' dir='ltr'><strong>dum</strong></span> <span class='ocrx_word' id='word_1_105' title='bbox 736 1661 845 1742; x_wconf 89' lang='lat' dir='ltr'><strong>nabat,</strong></span> <span class='ocrx_word' id='word_1_106' title='bbox 869 1662 899 1722; x_wconf 92' lang='lat' dir='ltr'><strong>in</strong></span> <span class='ocrx_word' id='word_1_107' title='bbox 922 1659 1028 1740; x_wconf 91' lang='lat' dir='ltr'><strong>undis,</strong></span> 
     </span>
     <span class='ocr_line' id='line_1_18' title="bbox 208 1748 928 1829; baseline 0 -20"><span class='ocrx_word' id='word_1_108' title='bbox 208 1748 247 1810; x_wconf 86' lang='lat' dir='ltr'><strong>Et</strong></span> <span class='ocrx_word' id='word_1_109' title='bbox 268 1757 320 1811; x_wconf 88' lang='lat' dir='ltr'><strong>tua</strong></span> <span class='ocrx_word' id='word_1_110' title='bbox 343 1751 386 1810; x_wconf 89' lang='lat' dir='ltr'><strong>sic</strong></span> <span class='ocrx_word' id='word_1_111' title='bbox 410 1749 530 1829; x_wconf 79' lang='lat' dir='ltr'><strong>Stygius</strong></span> <span class='ocrx_word' id='word_1_112' title='bbox 554 1751 717 1828; x_wconf 89' lang='lat' dir='ltr'><strong>strangulet</strong></span> <span class='ocrx_word' id='word_1_113' title='bbox 739 1767 791 1810; x_wconf 92' lang='lat' dir='ltr'><strong>ora</strong></span> <span class='ocrx_word' id='word_1_114' title='bbox 813 1749 928 1828; x_wconf 91' lang='lat' dir='ltr'><strong>liquor.</strong></span> 
     </span>
     <span class='ocr_line' id='line_1_19' title="bbox 165 1836 982 1917; baseline -0.001 -19"><span class='ocrx_word' id='word_1_115' title='bbox 165 1838 223 1898; x_wconf 86' lang='lat' dir='ltr'><strong>Aut</strong></span> <span class='ocrx_word' id='word_1_116' title='bbox 245 1836 297 1898; x_wconf 96' lang='lat' dir='ltr'><strong>ubi</strong></span> <span class='ocrx_word' id='word_1_117' title='bbox 318 1846 474 1899; x_wconf 89' lang='lat' dir='ltr'><strong>ventosum</strong></span> <span class='ocrx_word' id='word_1_118' title='bbox 497 1841 647 1917; x_wconf 90' lang='lat' dir='ltr'><strong>superaris</strong></span> <span class='ocrx_word' id='word_1_119' title='bbox 670 1839 829 1917; x_wconf 82' lang='lat' dir='ltr'><strong>naufragus</strong></span> <span class='ocrx_word' id='word_1_120' title='bbox 852 1854 982 1917; x_wconf 85' lang='lat' dir='ltr'><strong>aequor,</strong></span> 
     </span>
     <span class='ocr_line' id='line_1_20' title="bbox 210 1924 887 2007; baseline 0 -22"><span class='ocrx_word' id='word_1_121' title='bbox 210 1924 350 1987; x_wconf 84' lang='lat' dir='ltr'><strong>Contacta</strong></span> <span class='ocrx_word' id='word_1_122' title='bbox 372 1942 498 2006; x_wconf 89' lang='lat' dir='ltr'><strong>pereas,</strong></span> <span class='ocrx_word' id='word_1_123' title='bbox 521 1934 555 1986; x_wconf 89' lang='lat' dir='ltr'><strong>ut</strong></span> <span class='ocrx_word' id='word_1_124' title='bbox 577 1924 757 2007; x_wconf 90' lang='lat' dir='ltr'><strong>Palinurus,</strong></span> <span class='ocrx_word' id='word_1_125' title='bbox 779 1926 887 1987; x_wconf 92' lang='lat' dir='ltr'><strong>humo.</strong></span> 
     </span>
     <span class='ocr_line' id='line_1_21' title="bbox 100 2013 879 2093; baseline 0 -19"><span class='ocrx_word' id='word_1_126' title='bbox 100 2023 152 2074; x_wconf 83' lang='grc'><strong>595</strong></span> <span class='ocrx_word' id='word_1_127' title='bbox 168 2013 264 2092; x_wconf 87' lang='lat' dir='ltr'><strong>thue</strong></span> <span class='ocrx_word' id='word_1_128' title='bbox 288 2013 497 2075; x_wconf 90' lang='lat' dir='ltr'><strong>cothurnatum</strong></span> <span class='ocrx_word' id='word_1_129' title='bbox 520 2022 617 2076; x_wconf 88' lang='lat' dir='ltr'><strong>vatem</strong></span> <span class='ocrx_word' id='word_1_130' title='bbox 639 2014 731 2076; x_wconf 87' lang='lat' dir='ltr'><strong>tutela</strong></span> <span class='ocrx_word' id='word_1_131' title='bbox 753 2013 879 2093; x_wconf 87' lang='lat' dir='ltr'><strong>Dianae,</strong></span> 
     </span>
     <span class='ocr_line' id='line_1_22' title="bbox 211 2100 930 2182; baseline 0.003 -21"><span class='ocrx_word' id='word_1_132' title='bbox 211 2100 338 2162; x_wconf 86' lang='lat' dir='ltr'><strong>Dilaniet</strong></span> <span class='ocrx_word' id='word_1_133' title='bbox 360 2101 481 2180; x_wconf 85' lang='lat' dir='ltr'><strong>vigilum</strong></span> <span class='ocrx_word' id='word_1_134' title='bbox 502 2110 533 2163; x_wconf 88' lang='lat' dir='ltr'><strong>ta</strong></span> <span class='ocrx_word' id='word_1_135' title='bbox 556 2121 674 2182; x_wconf 92' lang='lat' dir='ltr'><strong>qnoque</strong></span> <span class='ocrx_word' id='word_1_136' title='bbox 698 2102 785 2164; x_wconf 90' lang='lat' dir='ltr'><strong>turba</strong></span> <span class='ocrx_word' id='word_1_137' title='bbox 807 2119 930 2163; x_wconf 92' lang='lat' dir='ltr'><strong>canum.</strong></span> 
     </span>
     <span class='ocr_line' id='line_1_23' title="bbox 166 2189 962 2270; baseline -0.003 -20"><span class='ocrx_word' id='word_1_138' title='bbox 166 2191 224 2250; x_wconf 92' lang='lat' dir='ltr'><strong>Aut</strong></span> <span class='ocrx_word' id='word_1_139' title='bbox 247 2198 280 2251; x_wconf 90' lang='lat' dir='ltr'><strong>ut</strong></span> <span class='ocrx_word' id='word_1_140' title='bbox 302 2189 497 2270; x_wconf 80' lang='lat' dir='ltr'><strong>Trinacrius,</strong></span> <span class='ocrx_word' id='word_1_141' title='bbox 520 2190 606 2251; x_wconf 89' lang='lat' dir='ltr'><strong>salias</strong></span> <span class='ocrx_word' id='word_1_142' title='bbox 630 2208 719 2269; x_wconf 90' lang='lat' dir='ltr'><strong>super</strong></span> <span class='ocrx_word' id='word_1_143' title='bbox 743 2207 795 2251; x_wconf 92' lang='lat' dir='ltr'><strong>ora</strong></span> <span class='ocrx_word' id='word_1_144' title='bbox 817 2191 962 2268; x_wconf 80' lang='lat' dir='ltr'><strong>gigantis,</strong></span> 
     </span>
     <span class='ocr_line' id='line_1_24' title="bbox 210 2276 958 2356; baseline -0.001 -20"><span class='ocrx_word' id='word_1_145' title='bbox 210 2276 340 2338; x_wconf 91' lang='lat' dir='ltr'><strong>Plurima</strong></span> <span class='ocrx_word' id='word_1_146' title='bbox 364 2295 421 2356; x_wconf 89' lang='lat' dir='ltr'><strong>qua</strong></span> <span class='ocrx_word' id='word_1_147' title='bbox 443 2278 573 2339; x_wconf 86' lang='lat' dir='ltr'><strong>flammas</strong></span> <span class='ocrx_word' id='word_1_148' title='bbox 597 2277 711 2338; x_wconf 88' lang='lat' dir='ltr'><strong>Sicanis</strong></span> <span class='ocrx_word' id='word_1_149' title='bbox 734 2278 828 2338; x_wconf 80' lang='lat' dir='ltr'><strong>Aetna</strong></span> <span class='ocrx_word' id='word_1_150' title='bbox 850 2279 958 2337; x_wconf 89' lang='lat' dir='ltr'><strong>vomit.</strong></span> 
     </span>
     <span class='ocr_line' id='line_1_25' title="bbox 168 2363 875 2443; baseline 0.001 -19"><span class='ocrx_word' id='word_1_151' title='bbox 168 2363 372 2443; x_wconf 86' lang='lat' dir='ltr'><strong>Diripiantque</strong></span> <span class='ocrx_word' id='word_1_152' title='bbox 395 2374 464 2427; x_wconf 77' lang='lat' dir='ltr'><strong>toros</strong></span> <span class='ocrx_word' id='word_1_153' title='bbox 486 2367 598 2427; x_wconf 90' lang='lat' dir='ltr'><strong>insanis</strong></span> <span class='ocrx_word' id='word_1_154' title='bbox 620 2364 770 2442; x_wconf 91' lang='lat' dir='ltr'><strong>unguibus</strong></span> <span class='ocrx_word' id='word_1_155' title='bbox 793 2372 875 2425; x_wconf 86' lang='lat' dir='ltr'><strong>artus</strong></span> 
     </span>
     <span class='ocr_line' id='line_1_26' title="bbox 101 2451 920 2534; baseline -0.004 -21"><span class='ocrx_word' id='word_1_156' title='bbox 101 2464 154 2514; x_wconf 81' lang='grc'><strong>500</strong></span> <span class='ocrx_word' id='word_1_157' title='bbox 213 2452 396 2533; x_wconf 78' lang='lat' dir='ltr'><strong>Strymoniae</strong></span> <span class='ocrx_word' id='word_1_158' title='bbox 420 2462 552 2534; x_wconf 91' lang='lat' dir='ltr'><strong>matres,</strong></span> <span class='ocrx_word' id='word_1_159' title='bbox 575 2451 710 2531; x_wconf 86' lang='lat' dir='ltr'><strong>Orpheos</strong></span> <span class='ocrx_word' id='word_1_160' title='bbox 733 2469 799 2512; x_wconf 92' lang='lat' dir='ltr'><strong>esse</strong></span> <span class='ocrx_word' id='word_1_161' title='bbox 821 2458 920 2511; x_wconf 91' lang='lat' dir='ltr'><strong>ratae.</strong></span> 
     </span>
     <span class='ocr_line' id='line_1_27' title="bbox 167 2538 932 2617; baseline -0.004 -17"><span class='ocrx_word' id='word_1_162' title='bbox 167 2540 260 2602; x_wconf 89' lang='lat' dir='ltr'><strong>Natus</strong></span> <span class='ocrx_word' id='word_1_163' title='bbox 283 2549 318 2602; x_wconf 88' lang='lat' dir='ltr'><strong>ut</strong></span> <span class='ocrx_word' id='word_1_164' title='bbox 339 2541 475 2602; x_wconf 84' lang='lat' dir='ltr'><strong>Althaeae</strong></span> <span class='ocrx_word' id='word_1_165' title='bbox 499 2542 624 2601; x_wconf 92' lang='lat' dir='ltr'><strong>llammis</strong></span> <span class='ocrx_word' id='word_1_166' title='bbox 646 2538 819 2599; x_wconf 88' lang='lat' dir='ltr'><strong>absentibus</strong></span> <span class='ocrx_word' id='word_1_167' title='bbox 842 2538 932 2617; x_wconf 92' lang='lat' dir='ltr'><strong>arsit,</strong></span> 
     </span>
     <span class='ocr_line' id='line_1_28' title="bbox 213 2628 863 2709; baseline -0.006 -19"><span class='ocrx_word' id='word_1_168' title='bbox 213 2628 262 2690; x_wconf 90' lang='lat' dir='ltr'><strong>Sic</strong></span> <span class='ocrx_word' id='word_1_169' title='bbox 283 2637 354 2690; x_wconf 87' lang='lat' dir='ltr'><strong>tuus</strong></span> <span class='ocrx_word' id='word_1_170' title='bbox 376 2629 512 2691; x_wconf 88' lang='lat' dir='ltr'><strong>ardescat</strong></span> <span class='ocrx_word' id='word_1_171' title='bbox 534 2631 643 2709; x_wconf 89' lang='lat' dir='ltr'><strong>stipitis</strong></span> <span class='ocrx_word' id='word_1_172' title='bbox 665 2630 733 2706; x_wconf 91' lang='lat' dir='ltr'><strong>igne</strong></span> <span class='ocrx_word' id='word_1_173' title='bbox 755 2643 863 2706; x_wconf 92' lang='lat' dir='ltr'><strong>rogus.</strong></span> 
     </span>
     <span class='ocr_line' id='line_1_29' title="bbox 168 2715 1084 2798; baseline -0.001 -22"><span class='ocrx_word' id='word_1_174' title='bbox 168 2715 206 2777; x_wconf 89' lang='lat' dir='ltr'><strong>Ut</strong></span> <span class='ocrx_word' id='word_1_175' title='bbox 228 2734 303 2777; x_wconf 85' lang='lat' dir='ltr'><strong>nova</strong></span> <span class='ocrx_word' id='word_1_176' title='bbox 325 2717 465 2779; x_wconf 90' lang='lat' dir='ltr'><strong>Phasiaca</strong></span> <span class='ocrx_word' id='word_1_177' title='bbox 487 2735 662 2798; x_wconf 91' lang='lat' dir='ltr'><strong>comprensa</strong></span> <span class='ocrx_word' id='word_1_178' title='bbox 685 2723 731 2776; x_wconf 91' lang='lat' dir='ltr'><strong>est</strong></span> <span class='ocrx_word' id='word_1_179' title='bbox 753 2722 846 2794; x_wconf 92' lang='lat' dir='ltr'><strong>nupta</strong></span> <span class='ocrx_word' id='word_1_180' title='bbox 869 2731 994 2794; x_wconf 89' lang='lat' dir='ltr'><strong>corona,</strong></span> <span class='ocrx_word' id='word_1_181' title='bbox 1040 2724 1084 2777; x_wconf 78' lang='lat'><strong>(²⁸)</strong></span> 
     </span>
     <span class='ocr_line' id='line_1_30' title="bbox 212 2803 1011 2887; baseline -0.004 -21"><span class='ocrx_word' id='word_1_182' title='bbox 212 2804 309 2884; x_wconf 87' lang='lat' dir='ltr'><strong>thue</strong></span> <span class='ocrx_word' id='word_1_183' title='bbox 331 2814 415 2885; x_wconf 90' lang='lat' dir='ltr'><strong>pater</strong></span> <span class='ocrx_word' id='word_1_184' title='bbox 438 2813 569 2887; x_wconf 91' lang='lat' dir='ltr'><strong>nuptae,</strong></span> <span class='ocrx_word' id='word_1_185' title='bbox 592 2822 718 2884; x_wconf 88' lang='lat' dir='ltr'><strong>cumque</strong></span> <span class='ocrx_word' id='word_1_186' title='bbox 741 2813 864 2884; x_wconf 91' lang='lat' dir='ltr'><strong>parente</strong></span> <span class='ocrx_word' id='word_1_187' title='bbox 887 2803 1011 2883; x_wconf 82' lang='lat' dir='ltr'><strong>domns3</strong></span> 
     </span>
     <span class='ocr_line' id='line_1_31' title="bbox 102 2891 924 2973; baseline 0 -19"><span class='ocrx_word' id='word_1_188' title='bbox 102 2903 154 2954; x_wconf 85' lang='grc'><strong>505</strong></span> <span class='ocrx_word' id='word_1_189' title='bbox 169 2892 207 2953; x_wconf 92' lang='lat' dir='ltr'><strong>Ut</strong></span> <span class='ocrx_word' id='word_1_190' title='bbox 230 2909 319 2953; x_wconf 89' lang='lat' dir='ltr'><strong>cruor</strong></span> <span class='ocrx_word' id='word_1_191' title='bbox 342 2891 504 2954; x_wconf 87' lang='lat' dir='ltr'><strong>Herculeos</strong></span> <span class='ocrx_word' id='word_1_192' title='bbox 528 2893 599 2954; x_wconf 89' lang='lat' dir='ltr'><strong>abiit</strong></span> <span class='ocrx_word' id='word_1_193' title='bbox 621 2894 747 2954; x_wconf 80' lang='lat' dir='ltr'><strong>diffusus</strong></span> <span class='ocrx_word' id='word_1_194' title='bbox 769 2895 801 2953; x_wconf 94' lang='lat' dir='ltr'><strong>in</strong></span> <span class='ocrx_word' id='word_1_195' title='bbox 823 2901 924 2973; x_wconf 82' lang='lat' dir='ltr'><strong>artus3</strong></span> 
     </span>
     <span class='ocr_line' id='line_1_32' title="bbox 213 2979 892 3059; baseline 0 -19"><span class='ocrx_word' id='word_1_196' title='bbox 213 2979 343 3059; x_wconf 84' lang='lat' dir='ltr'><strong>Corpora</strong></span> <span class='ocrx_word' id='word_1_197' title='bbox 365 2982 541 3059; x_wconf 80' lang='lat' dir='ltr'><strong>pestiferum</strong></span> <span class='ocrx_word' id='word_1_198' title='bbox 563 2984 606 3041; x_wconf 91' lang='lat' dir='ltr'><strong>sic</strong></span> <span class='ocrx_word' id='word_1_199' title='bbox 629 2989 680 3043; x_wconf 91' lang='lat' dir='ltr'><strong>tua</strong></span> <span class='ocrx_word' id='word_1_200' title='bbox 702 2984 783 3042; x_wconf 88' lang='lat' dir='ltr'><strong>virus</strong></span> <span class='ocrx_word' id='word_1_201' title='bbox 808 2981 892 3041; x_wconf 90' lang='lat' dir='ltr'><strong>edat.</strong></span> 
     </span>
     <span class='ocr_line' id='line_1_33' title="bbox 103 3067 989 3147; baseline -0.005 -18"><span class='ocrx_word' id='word_1_202' title='bbox 103 3098 142 3110; x_wconf 96' lang='lat'>-</span> <span class='ocrx_word' id='word_1_203' title='bbox 169 3068 232 3138; x_wconf 86' lang='lat' dir='ltr'><strong>Qua</strong></span> <span class='ocrx_word' id='word_1_204' title='bbox 256 3085 309 3128; x_wconf 94' lang='lat' dir='ltr'><strong>sua</strong></span> <span class='ocrx_word' id='word_1_205' title='bbox 327 3067 519 3129; x_wconf 88' lang='lat' dir='ltr'><strong>Penthaliden</strong></span> <span class='ocrx_word' id='word_1_206' title='bbox 542 3068 641 3147; x_wconf 90' lang='lat' dir='ltr'><strong>proles</strong></span> <span class='ocrx_word' id='word_1_207' title='bbox 660 3078 706 3130; x_wconf 91' lang='lat' dir='ltr'><strong>est</strong></span> <span class='ocrx_word' id='word_1_208' title='bbox 725 3069 786 3130; x_wconf 91' lang='lat' dir='ltr'><strong>ulta</strong></span> <span class='ocrx_word' id='word_1_209' title='bbox 804 3068 989 3147; x_wconf 79' lang='lat' dir='ltr'><strong>Lycurgum,</strong></span> 
     </span>
     <span class='ocr_line' id='line_1_34' title="bbox 212 3153 912 3235; baseline -0.004 -21"><span class='ocrx_word' id='word_1_210' title='bbox 212 3153 291 3214; x_wconf 89' lang='lat' dir='ltr'><strong>Haec</strong></span> <span class='ocrx_word' id='word_1_211' title='bbox 314 3164 431 3215; x_wconf 89' lang='lat' dir='ltr'><strong>maneat</strong></span> <span class='ocrx_word' id='word_1_212' title='bbox 451 3155 505 3216; x_wconf 87' lang='lat' dir='ltr'><strong>teli</strong></span> <span class='ocrx_word' id='word_1_213' title='bbox 527 3163 557 3215; x_wconf 91' lang='lat' dir='ltr'><strong>te</strong></span> <span class='ocrx_word' id='word_1_214' title='bbox 580 3174 698 3235; x_wconf 90' lang='lat' dir='ltr'><strong>quoque</strong></span> <span class='ocrx_word' id='word_1_215' title='bbox 721 3157 804 3234; x_wconf 89' lang='lat' dir='ltr'><strong>plaga</strong></span> <span class='ocrx_word' id='word_1_216' title='bbox 827 3156 912 3213; x_wconf 92' lang='lat' dir='ltr'><strong>novi.</strong></span> 
     </span>
     <span class='ocr_line' id='line_1_35' title="bbox 169 3240 917 3321; baseline -0.004 -20"><span class='ocrx_word' id='word_1_217' title='bbox 169 3241 265 3321; x_wconf 87' lang='lat' dir='ltr'><strong>thue</strong></span> <span class='ocrx_word' id='word_1_218' title='bbox 288 3240 358 3302; x_wconf 89' lang='lat' dir='ltr'><strong>Milo</strong></span> <span class='ocrx_word' id='word_1_219' title='bbox 381 3241 474 3303; x_wconf 92' lang='lat' dir='ltr'><strong>robur</strong></span> <span class='ocrx_word' id='word_1_220' title='bbox 497 3243 637 3304; x_wconf 88' lang='lat' dir='ltr'><strong>diducere</strong></span> <span class='ocrx_word' id='word_1_221' title='bbox 660 3243 749 3303; x_wconf 86' lang='lat' dir='ltr'><strong>fissile</strong></span> <span class='ocrx_word' id='word_1_222' title='bbox 772 3247 917 3318; x_wconf 89' lang='lat' dir='ltr'><strong>temptes,</strong></span> 
     </span>
     <span class='ocr_line' id='line_1_36' title="bbox 103 3328 887 3409; baseline -0.006 -19"><span class='ocrx_word' id='word_1_223' title='bbox 103 3341 154 3390; x_wconf 85' lang='grc'><strong>050</strong></span> <span class='ocrx_word' id='word_1_224' title='bbox 212 3328 273 3390; x_wconf 89' lang='lat' dir='ltr'><strong>Nec</strong></span> <span class='ocrx_word' id='word_1_225' title='bbox 296 3332 392 3408; x_wconf 90' lang='lat' dir='ltr'><strong>possis</strong></span> <span class='ocrx_word' id='word_1_226' title='bbox 416 3338 514 3409; x_wconf 92' lang='lat' dir='ltr'><strong>captas</strong></span> <span class='ocrx_word' id='word_1_227' title='bbox 538 3330 605 3390; x_wconf 89' lang='lat' dir='ltr'><strong>inde</strong></span> <span class='ocrx_word' id='word_1_228' title='bbox 628 3330 741 3389; x_wconf 91' lang='lat' dir='ltr'><strong>relerre</strong></span> <span class='ocrx_word' id='word_1_229' title='bbox 766 3343 887 3386; x_wconf 90' lang='lat' dir='ltr'><strong>manus.</strong></span> 
     </span>
     <span class='ocr_line' id='line_1_37' title="bbox 168 3414 1024 3496; baseline -0.006 -18"><span class='ocrx_word' id='word_1_230' title='bbox 168 3417 401 3496; x_wconf 85' lang='lat' dir='ltr'><strong>Muneribusque</strong></span> <span class='ocrx_word' id='word_1_231' title='bbox 424 3420 484 3478; x_wconf 89' lang='lat' dir='ltr'><strong>tuis</strong></span> <span class='ocrx_word' id='word_1_232' title='bbox 507 3416 655 3495; x_wconf 91' lang='lat' dir='ltr'><strong>laedaris,</strong></span> <span class='ocrx_word' id='word_1_233' title='bbox 678 3424 712 3475; x_wconf 92' lang='lat' dir='ltr'><strong>ut</strong></span> <span class='ocrx_word' id='word_1_234' title='bbox 734 3414 858 3494; x_wconf 84' lang='lat' dir='ltr'><strong>locrus,</strong></span> <span class='ocrx_word' id='word_1_235' title='bbox 880 3415 912 3475; x_wconf 92' lang='lat' dir='ltr'><strong>in</strong></span> <span class='ocrx_word' id='word_1_236' title='bbox 935 3430 1024 3493; x_wconf 90' lang='lat' dir='ltr'><strong>quem</strong></span> 
     </span>
     <span class='ocr_line' id='line_1_38' title="bbox 214 3502 822 3566; baseline -0.002 -2"><span class='ocrx_word' id='word_1_237' title='bbox 214 3504 316 3566; x_wconf 90' lang='lat' dir='ltr'><strong>lutulit</strong></span> <span class='ocrx_word' id='word_1_238' title='bbox 338 3513 464 3566; x_wconf 89' lang='lat' dir='ltr'><strong>armatas</strong></span> <span class='ocrx_word' id='word_1_239' title='bbox 487 3503 568 3564; x_wconf 89' lang='lat' dir='ltr'><strong>ebria</strong></span> <span class='ocrx_word' id='word_1_240' title='bbox 589 3502 677 3564; x_wconf 89' lang='lat' dir='ltr'><strong>turha</strong></span> <span class='ocrx_word' id='word_1_241' title='bbox 700 3519 822 3564; x_wconf 87' lang='lat' dir='ltr'><strong>manus.</strong></span> 
     </span>
    </p>
   </div>
   <div class='ocr_carea' id='block_1_3' title="bbox 0 0 1207 3892">
    <p class='ocr_par' dir='ltr' id='par_1_3' title="bbox 0 0 1207 3892">
     <span class='ocr_line' id='line_1_39' title="bbox 0 0 1207 3892; baseline 0 0"><span class='ocrx_word' id='word_1_242' title='bbox 0 0 1207 3892; x_wconf 95' lang='lat' dir='ltr'><strong> </strong></span> 
     </span>
    </p>
   </div>
  </div>
 </body>
</html>
