2408 3900
584 193 633 242 EX
650 192 770 244 PONTO

647 407 708 480 XI.

264 568 326 629 Hoc
349 567 404 628 tibi
416 613 425 648 ,
449 566 547 648 Rufe,
570 565 654 627 brevi
676 573 869 646 properatum
893 573 1028 646 tempore
1053 569 1143 628 mittit

308 656 408 737 Naso,
430 673 536 734 parum
560 656 672 715 faustae
697 655 833 715 conditor
857 655 960 734 Artis,
984 674 1079 734 opus:

264 744 323 823 Ut,
348 761 525 822 quamquam
548 742 633 821 longe
658 751 719 803 toto
744 761 848 803 sumus
871 741 943 802 orbe
967 744 1093 824 remoti,

309 833 392 893 Scire
415 840 514 892 tamen
537 833 633 910 possis
657 848 711 891 nos
735 833 905 891 meminisse
928 832 991 893 tui.

234 919 397 980 aNominis
421 926 488 979 ante
513 921 571 979 mei
594 921 713 979 venient
736 918 843 979 oblivia
866 917 971 999 uobis,

309 1008 434 1067 Pectore
459 1025 547 1085 quam
570 1008 663 1086 pietas
687 1009 726 1067 sit
749 1016 799 1067 tua
821 1007 906 1087 pulsa
930 1025 1016 1068 meo.

264 1095 304 1155 Et
326 1098 409 1174 prius
433 1095 508 1154 banc
532 1097 657 1154 animam
681 1113 788 1155 vacuas
810 1095 970 1156 reddemus
994 1097 1026 1155 in
1050 1113 1136 1156 auras
1144 1142 1152 1176 ,

310 1182 405 1254 Quam
427 1184 478 1243 fiat
500 1184 600 1243 meriti
622 1185 715 1262 gratia
738 1201 811 1243 vana
834 1185 896 1244 tui.

265 1270 381 1331 Grande
409 1289 481 1331 voco
510 1270 645 1332 lacrimas
673 1272 835 1351 meritum,
864 1270 973 1349 quibus
1001 1289 1059 1350 ora¹

811 1359 946 1439 rigabas,
1143 1373 1181 1422 (⁷1)

220 1460 252 1508 10
311 1448 385 1509 Cum
408 1466 472 1508 mea
496 1455 636 1508 concreto
660 1449 738 1508 sicca
762 1445 864 1507 dolore
887 1448 1003 1508 forent.

266 1535 382 1596 Grande
406 1554 478 1596 voco
502 1537 642 1596 meritum
665 1543 793 1596 maestae
817 1534 924 1596 solacia
948 1537 1057 1596 mentis
1065 1582 1074 1615 ‚

310 1624 384 1684 Cum
406 1625 518 1702 pariter
541 1622 627 1684 nobis
650 1623 699 1683 ilia
723 1623 835 1702 tibique
859 1624 963 1685 dares.

267 1710 377 1789 Sponte
402 1711 522 1789 quidem
544 1729 598 1789 per
622 1730 713 1791 seque
737 1729 802 1771 mea
826 1719 872 1772 est
893 1710 1051 1772 laudabilis
1074 1730 1163 1772 uxor:

311 1799 470 1859 Admonitu
494 1799 599 1859 melior
622 1800 655 1860 fit
677 1807 775 1860 tamen
798 1797 847 1859 illa
871 1807 940 1860 tuo.

221 1900 252 1947 15
267 1887 400 1965 Namque
424 1887 502 1966 quod
526 1885 701 1947 Hermiones
725 1887 827 1948 Castor
850 1888 929 1968 init,
952 1886 1064 1948 Hector
1087 1887 1162 1970 iuli,

311 1973 374 2035 Hoc
398 1993 451 2054 ego
475 1982 504 2034 te
528 1973 621 2034 laetor
645 1977 779 2054 coniugis
803 1993 868 2035 esse
891 1994 992 2036 meae.

268 2063 373 2142 Quae,
396 2081 433 2123 ne
457 2062 607 2123 dissimilis
630 2062 685 2123 tibi
708 2065 747 2123 sit
769 2062 939 2144 probitate,
960 2062 1093 2145 laborat,

312 2149 410 2229 Seque
433 2153 478 2210 tui
501 2152 558 2211 vita
581 2153 733 2233 sanguinis
756 2169 822 2212 esse
845 2150 968 2231 probat.

269 2238 346 2317 Ergo
371 2238 450 2316 quod
474 2240 571 2299 iuerat
594 2238 721 2300 stimulis
744 2240 859 2301 iactura
882 2241 946 2301 sine
970 2239 1057 2322 ullis,

220 2339 254 2387 20
312 2326 433 2387 Plenius
457 2334 609 2388 auctorem
632 2335 661 2388 te
685 2347 803 2407 quoque
827 2336 933 2389 nancta
956 2328 1044 2389 iacit.

268 2414 343 2476 Acer
366 2422 396 2474 et
419 2414 454 2474 ad
477 2414 589 2495 palmae
613 2433 667 2495 per
690 2434 721 2476 se
746 2435 891 2477 cursurus
913 2415 1061 2497 honores,

313 2502 346 2564 Si
368 2510 467 2563 tamen
489 2504 640 2583 homerio,
664 2505 770 2565 turtius
793 2503 849 2565 ibit
871 2523 985 2584 equus.

268 2591 372 2671 adde,
395 2592 474 2670 quod
499 2591 628 2652 absentis
652 2610 724 2652 cura
747 2592 882 2653 mandata
904 2591 985 2653 fideli

312 2678 456 2760 Perficis,
481 2687 511 2740 et
533 2679 646 2741 nullum
669 2681 747 2740 ferre
771 2683 901 2760 gravaris
925 2699 1019 2741 nnuc.

221 2764 312 2827 250!
341 2766 471 2827 referant
494 2778 614 2850 grates,
639 2770 777 2848 quoniam
800 2788 860 2830 uon
882 2787 1044 2849 possumus
1066 2771 1142 2850 ipsi,

313 2851 349 2911 Iti
371 2852 447 2914 tibi.
489 2858 541 2933 qui
563 2859 695 2918 reserent
706 2904 715 2938 ,
740 2859 765 2917 si
786 2860 835 2937 pia
857 2858 934 2918 iacta
957 2856 1076 2918 vident.

270 2939 460 3020 Sufficiatque
485 2943 535 3003 diu
560 2963 667 3025 corpus
691 2963 809 3025 quoque
833 2945 966 3007 moribus
988 2947 1076 3028 istis,

313 3027 437 3090 Maxima
461 3029 595 3092 Fundani
618 3031 710 3112 gloria
723 3082 732 3114 ,
755 3032 853 3114 Rufe,
877 3035 949 3095 soli.
