2386 3892
153 209 218 272 210
562 209 611 258 nx
628 207 747 259 rouro

286 375 446 453 Exceptis,
470 375 549 450 siqui
572 390 694 432 munera
717 370 790 448 legis
813 371 940 433 habent.

195 464 387 538 55Trmuora
412 473 524 521 sacrata
549 479 611 520 mea
637 468 706 519 srmt
729 461 821 519 vetata
845 478 973 541 corona,

288 552 427 610 Puluis-us
449 552 541 609 invito
566 567 652 625 quom
677 549 757 607 favor
781 551 929 626 inposuit.

243 639 335 708 Quam
360 647 441 715 grata
465 649 510 698 est
533 640 624 714 igitur
646 635 773 696 Latonae
798 636 877 696 Delia
901 635 1008 718 tellus,

288 727 404 786 Eri-auti
429 734 526 786 tutum
551 743 625 802 quae
649 725 728 784 dedit
751 742 809 784 una
831 725 948 804 iocum,
1005 801 1009 807 .

243 816 314 874 Tam
339 814 409 873 mihi
433 832 499 874 cara
524 814 645 891 Tomis,
669 814 762 891 patria
787 831 861 890 quae
885 812 956 872 sede
980 813 1087 889 iugatis

196 917 229 965 60
288 903 417 981 Tempus
441 903 476 962 ad
500 901 556 961 hoc
580 900 664 960 nobis
687 900 803 978 hospita
825 901 882 960 iida
905 911 1023 961 manet:

245 992 279 1050 Di
304 992 390 1049 modo
414 991 555 1049 fecissent
567 1036 576 1067 ,
599 989 730 1067 placidae
754 1007 837 1066 spem
860 999 962 1068 posset
985 987 1092 1049 habere

287 1078 393 1157 Pacis,
416 1084 446 1137 et
469 1095 484 1137 a
508 1077 604 1155 gelido
627 1077 743 1156 longius
766 1095 819 1137 are
843 1077 938 1138 foret.

617 1270 692 1342 XV.

246 1432 345 1510 Siquis
368 1431 463 1491 adhuc
486 1447 610 1508 usquam
635 1431 731 1489 nostri
754 1448 813 1490 nou
836 1431 983 1491 inmemor
1007 1438 1098 1510 extat,

290 1520 402 1589 Quidve
426 1519 574 1596 relegatus
598 1517 697 1596 Naso,
720 1520 868 1597 requirit,
892 1536 994 1596 agam:

245 1607 420 1667 Caesaribus
442 1610 547 1679 vitam,
573 1604 661 1665 Sexto
686 1605 794 1665 debere
817 1605 943 1666 salutem

288 1696 334 1755 Me
359 1696 453 1754 sciat.
494 1712 509 1753 a
533 1696 649 1772 superis
672 1693 720 1752 hic
743 1694 815 1753 mihi
838 1697 953 1773 primus
977 1697 1049 1756 erit.

215 1783 390 1860 5Terupora
414 1799 480 1840 nam
505 1784 629 1842 miserae
653 1782 831 1860 complectar
854 1789 888 1842 ut
909 1785 1009 1843 omnia
1032 1785 1120 1863 vitae,

290 1874 311 1928 A
337 1870 450 1929 meritis
474 1872 537 1929 cius
560 1888 629 1947 pars
652 1869 724 1929 mihi
747 1869 825 1930 nulia
849 1878 949 1931 vacat.

246 1958 326 2029 Quae
351 1974 474 2017 numero
498 1965 541 2016 tot
565 1965 655 2036 sunt,
678 1965 751 2036 quot
773 1960 804 2017 in
828 1956 914 2018 horto
938 1959 1045 2020 fertilis
1068 1962 1126 2020 arvi

291 2047 399 2104 Punica
424 2044 479 2104 sub
502 2044 581 2104 lento
605 2048 715 2105 cortice
739 2063 828 2124 grana
852 2045 981 2128 rubent;
1007 2092 1010 2099 .

247 2135 343 2192 Atrira
367 2141 439 2212 quot
461 2142 599 2213 segetes,
622 2141 695 2212 quot
718 2132 829 2192 Tmolia
854 2144 934 2194 terra
957 2152 1107 2216 racemos,

200 2234 233 2280 10
291 2221 369 2290 Qum
392 2221 499 2300 Sicyon
522 2219 631 2301 bacas,
655 2228 727 2300 quot
750 2224 827 2299 parit
850 2220 942 2300 Hybla
966 2222 1063 2284 faros.

247 2308 412 2369 Contiteor:
444 2317 554 2369 testere
578 2309 647 2368 licet
660 2357 669 2388 ,
692 2311 804 2387 signate
829 2308 979 2391 Quirites3
1120 2342 1149 2353 -

291 2398 335 2456 un
360 2417 435 2475 opus
458 2404 504 2457 est
526 2397 625 2475 legum
647 2397 759 2456 viribus
772 2444 781 2476 ,
804 2399 868 2475 ipse
891 2397 1015 2476 loquor.

246 2486 326 2545 inter
346 2504 418 2565 opes
441 2493 471 2545 et
489 2504 535 2544 me
547 2531 556 2565 ,
579 2502 698 2563 parvam
722 2503 807 2565 rem,
826 2503 903 2564 pone
926 2493 1082 2565 paternas:
1104 2495 1152 2548 nat

290 2574 362 2634 Pars
385 2593 439 2651 ego
464 2576 517 2633 sim
542 2591 650 2633 census
673 2568 943 2652 quantulacumque
966 2577 1029 2636 tui.

200 2674 232 2722 15
248 2663 340 2731 Quam
366 2672 415 2721 tua
438 2662 590 2721 Trinacria
613 2670 658 2721 est
681 2668 861 2740 regnataque
884 2670 965 2723 terra
986 2662 1134 2743 Philippo,

291 2749 384 2818 eram
408 2749 514 2809 domus
537 2749 668 2826 Augusto
693 2752 861 2809 continuata
884 2750 968 2831 foro,

245 2835 339 2904 Orram
363 2845 438 2914 tua,
466 2856 518 2896 rus
548 2837 641 2897 oculis
665 2837 775 2897 domini
787 2883 796 2918 ,
820 2837 999 2919 Campania,
1026 2846 1151 2918 gratum,

290 2919 430 3001 (iriaeque
454 2924 556 2983 relicta
580 2925 633 2985 tibi
646 2972 654 3005 ,
679 2924 789 3005 Sexte,
812 2925 857 2985 vei
881 2933 978 3005 empta
1002 2933 1102 2988 tenes:

245 3012 315 3071 Tam
340 3021 410 3071 tuus
434 3028 470 3070 eu
494 3029 549 3088 ego
572 3031 638 3073 sum
650 3060 660 3094 ,
687 3016 772 3075 cuius
795 3021 825 3073 te
848 3031 972 3075 munere
995 3017 1074 3075 tristi

200 3113 233 3161 20
291 3101 356 3160 Non
379 3107 464 3179 potes
487 3101 517 3159 iu
541 3100 634 3161 Ponto
657 3102 756 3162 dicere
780 3101 889 3161 habere
912 3101 1004 3164 nihil.

246 3190 343 3267 Atque
367 3191 479 3249 utinam
502 3192 621 3270 possis,
644 3198 674 3251 et
697 3189 785 3249 detur
807 3190 931 3250 amicius
954 3208 1072 3265 arvum,

290 3277 422 3355 Reruque
446 3288 526 3337 tuam
550 3296 641 3356 ponas
664 3281 695 3338 in
719 3277 840 3337 meliore
863 3276 946 3338 locoi

246 3362 330 3431 Quod
354 3367 492 3442 quoniam
516 3368 546 3424 iu
570 3366 615 3425 dis
638 3373 704 3447 est,
727 3373 839 3443 tempta
861 3364 954 3426 lenire
978 3363 1118 3445 precando

295 3450 443 3531 Numina,
467 3464 609 3532 perpetua
634 3472 708 3531 quae
731 3456 840 3531 pietate
865 3456 948 3514 cois.

199 3551 231 3598 25
247 3537 389 3598 Maeroris
413 3557 479 3600 nam
503 3549 558 3622 tu,
582 3544 628 3601 vix
652 3549 697 3601 est
720 3541 908 3623 discernere,
931 3544 1026 3603 nostri
