2386 3892
419 178 465 232 IV.
484 181 632 231 aer-sec.
960 172 1024 240 aot

110 341 187 402 Num
206 351 302 401 tamen
322 349 368 402 est
385 359 455 401 vero
472 343 615 421 propius,
634 359 701 402 cum
721 341 838 401 condita
854 340 946 401 Roma
965 347 1026 421 est,

156 429 324 489 Transierri
346 432 443 490 iussos
466 431 497 489 in
520 444 594 489 nova
618 436 695 489 tecta
718 427 809 490 Lares

112 518 318 595 Mutantesque
342 518 461 578 domum
483 519 571 577 tectis
594 515 760 595 agrestibus
782 519 880 596 ignem

156 605 193 665 ln
217 613 384 665 cessaturae
409 607 601 683 supposuisse
625 622 726 685 casae,

62 708 96 756 05
111 694 168 753 Per
191 693 321 752 flammas
346 693 468 753 saluisse
490 709 583 771 pecus
596 739 605 770 ,
629 691 751 752 saluisse
775 689 921 754 colonos?

157 781 239 851 Quod
264 781 298 841 fit
321 780 409 840 natali
432 797 511 841 nunc
534 797 675 858 quoque,
698 779 812 860 Roma,
835 790 904 841 tuo.

112 869 177 949 lpse
201 869 285 929 locus
308 886 411 928 causas
434 870 491 928 rati
515 868 606 928 iacit.
647 865 735 928 Urbis
759 869 841 947 origo

156 956 263 1016 Venit.
304 956 374 1016 ades
397 956 481 1016 lactis
494 1003 503 1036 ,
527 973 629 1034 magne
654 954 799 1036 Quirine,
823 954 899 1017 tuisl

113 1045 173 1104 lam
197 1045 292 1104 luerat
315 1062 424 1122 poenas
447 1044 539 1104 irater
561 1043 747 1125 Numitoris,
770 1053 800 1105 et
821 1061 908 1106 omne

66 1146 98 1193 10
158 1132 313 1192 Pastorum
336 1135 452 1210 gemino
476 1131 532 1192 sub
554 1133 630 1192 duce
652 1132 756 1211 volgus
779 1140 859 1194 erat.

113 1220 294 1281 Contrabere
318 1229 448 1297 agrestes
472 1228 503 1279 et
526 1222 640 1280 moenia
663 1237 774 1298 ponere
798 1223 917 1298 utrique

158 1308 320 1368 Convenit.
362 1307 542 1386 ambigitur,
567 1308 681 1367 moenia
703 1315 793 1385 ponat
816 1315 900 1370 uter.

115 1392 177 1454 ‘Nil
200 1414 275 1474 opus
299 1390 359 1456 est'
383 1396 457 1456 dixit
480 1390 672 1456 ‘certamine'
696 1393 839 1457 Romulus
863 1390 958 1457 ‘ullo:

158 1483 260 1561 llagna
284 1484 357 1543 fides
380 1485 476 1545 arium
500 1491 567 1563 est,
591 1484 778 1562 experiamur
800 1478 903 1545 ares?

62 1585 99 1632 ¹15
114 1571 173 1630 Res
197 1571 312 1648 placet.
354 1572 427 1632 alter
450 1570 511 1631 adit
534 1573 684 1632 nemorosi
706 1589 775 1631 saxa
798 1569 906 1633 Palati:

159 1658 240 1718 Alter
263 1658 439 1721 Aventinum
462 1677 547 1719 mane
570 1676 711 1721 cacumen
734 1661 805 1721 init.

116 1746 172 1806 Sex
196 1746 328 1826 Remus,
350 1748 399 1807 bic
422 1747 558 1808 volucres
580 1746 627 1808 bis
649 1764 705 1810 sen¹
724 1747 804 1809 videt
826 1747 946 1810 ordine.

660 1843 747 1914 pacto

161 1920 262 1981 Stator
274 1968 283 2002 ,
307 1931 337 1982 et
359 1921 515 1984 arbitrium
537 1922 680 1984 Romulus
703 1922 787 1985 urbis
809 1923 914 1984 babet.

117 2010 189 2087 Apta
212 2009 275 2069 dies
298 2009 428 2089 legitur,
451 2029 510 2090 qua
533 2013 648 2072 moenia
671 2013 768 2090 signet
790 2019 905 2073 aratro.

62 2110 100 2158 120
160 2096 248 2156 Sacra
272 2097 349 2157 Palis
372 2097 535 2159 suberant:
566 2098 635 2161 inde
659 2106 794 2160 movetur
816 2117 909 2179 opus.

115 2183 205 2243 Fossa
228 2184 261 2243 lit
284 2184 320 2242 ad
343 2183 491 2264 solidum,
514 2185 615 2263 fruges
636 2187 785 2247 iaciuntur
808 2189 838 2247 iu
861 2188 919 2248 ima

159 2272 197 2332 Et
220 2271 256 2331 de
280 2272 375 2331 vicino
398 2278 479 2331 terra
501 2272 592 2351 petita
615 2271 695 2332 solo.

117 2360 205 2420 Fossa
229 2360 362 2437 repletur
384 2358 496 2440 humo,
519 2357 682 2438 plenaeque
705 2361 867 2438 imponitur
890 2379 959 2442 ara,

160 2448 197 2508 Et
220 2465 313 2507 novus
336 2464 460 2508 accenso
483 2447 618 2525 iungitur
639 2448 707 2526 igne
731 2448 832 2509 iocus.

62 2550 100 2597 rao
116 2536 185 2595 lude
210 2553 348 2614 premens
371 2537 475 2595 stivam
498 2534 633 2614 designat
655 2536 771 2597 moenia
793 2533 901 2616 sulcos

161 2623 232 2682 Alba
255 2625 357 2701 iugum
381 2624 466 2683 niveo
489 2641 557 2684 cum
581 2622 654 2685 bove
677 2640 765 2685 vacca
787 2621 871 2684 tulit.

116 2711 176 2770 Vox
200 2712 255 2772 luit
278 2711 350 2773 haec
373 2712 475 2790 regis:
509 2706 684 2792 ‘condenti,
707 2709 858 2793 luppiter,
881 2710 986 2773 urbem

160 2798 198 2858 Et
220 2801 336 2876 genitor
358 2799 474 2861 Mavors
497 2797 644 2879 Vestaque
667 2806 783 2881 mater,
805 2798 893 2862 adest

118 2884 257 2961 Quosque
280 2889 361 2965 pium
386 2894 431 2947 est
453 2885 594 2948 adbibere
616 2886 709 2961 deos,
732 2888 875 2965 advertite
898 2885 1018 2949 cunclil

62 2983 103 3031 tao
162 2971 337 3048 Arispicibus
360 2972 442 3035 robis
465 2974 521 3037 boo
544 2975 616 3036 mibi
639 2983 741 3055 surgat
763 2994 856 3056 opus.

117 3056 216 3135 Longa
239 3061 277 3118 sit
300 3060 369 3122 huic
392 3069 473 3124 aetas
495 3062 688 3143 dominaeque
711 3065 843 3144 potentia
866 3071 981 3145 terrae,

162 3145 265 3223 Sitque
289 3146 345 3208 sub
367 3148 422 3211 bac
444 3154 544 3213 oriens
567 3151 767 3230 occiduusque
790 3144 889 3210 dies.'
929 3156 931 3161 '

116 3234 166 3295 llle
189 3233 387 3317 precabatur,
410 3240 523 3300 tonitru
545 3238 627 3299 dedit
648 3240 746 3299 omina
768 3238 849 3298 laevo

161 3321 293 3401 luppiter
315 3332 346 3385 et
366 3324 449 3387 laevo
471 3325 594 3392 fulmina
616 3326 706 3386 missa
727 3324 813 3404 polo.

62 3426 101 3473 teo
117 3412 247 3488 tugurio
270 3410 340 3472 laeti
361 3413 473 3474 iaciunt
495 3413 664 3474 fundamina
686 3414 783 3494 cives,
974 3428 1031 3482 ‹ror›

159 3499 197 3560 Et
220 3517 313 3560 novus
337 3501 444 3578 exiguo
465 3507 599 3579 tempore
623 3517 726 3563 murus
749 3508 830 3564 erat.

817 3601 872 3658 20*
