2386 3892
423 192 455 245 V.
474 193 622 250 446416.
956 188 1022 254 325

106 357 173 417 Mox
197 358 285 416 etiam
307 354 436 417 lemures
460 355 570 416 animus
594 354 695 416 dixere
719 353 876 416 silentum.

151 443 205 504 Hie
230 462 335 504 sensus
358 442 463 524 verbi,
486 444 530 504 vis
553 460 588 504 ee
609 444 691 504 vocis
713 449 794 504 erut.

60 547 91 595 ed
107 532 186 592 Fana
210 539 307 592 tamen
330 540 446 592 veteres
469 528 527 591 iilis
550 528 683 593 elausere
706 529 829 610 diebus,

151 619 190 680 Ut
212 638 291 682 nuno
314 620 399 679 ferali
422 625 555 696 tempore
577 626 680 698 opertu
702 618 801 681 vides.

106 708 168 769 Neo
192 707 296 769 viduae
321 707 413 767 taedis
437 705 538 766 eadem
562 723 618 766 neo
640 707 762 785 virginis
784 714 851 786 apta

152 795 318 875 Tempora.
360 811 435 872 quae
458 795 581 874 nupsit,
604 811 663 854 non
686 793 826 856 diuturna
848 795 921 857 init.

108 884 169 944 Hao
193 901 311 962 quoque
335 882 371 943 de
395 899 505 962 eausa,
528 883 554 943 si
576 887 606 942 te
628 880 784 961 proverbia
806 888 948 962 tangunt,

59 987 93 1034 eo
152 971 253 1031 Mense
277 969 366 1030 maias
389 969 463 1029 Maio
486 968 600 1032 nubere
624 969 726 1049 volgus
749 972 806 1031 ait.

109 1060 167 1120 Sed
191 1067 289 1119 tamen
312 1057 384 1118 haee
407 1059 465 1118 tria
487 1064 559 1120 sunt
585 1056 642 1119 sub
664 1057 769 1119 eodem
793 1064 926 1138 ternpore
950 1057 1024 1119 testa

153 1146 234 1208 Inter
257 1165 289 1207 se
312 1144 391 1207 nulla
414 1148 584 1207 continuata
607 1145 671 1206 die.

296 1285 347 1348 10.
369 1280 429 1348 Bu
481 1284 531 1348 11.
554 1280 752 1348 uouit-N

110 1412 243 1483 Qtrorum
267 1413 292 1472 si
315 1409 419 1470 mediis
442 1409 586 1470 Boeotum
609 1408 719 1471 Oriona
741 1426 884 1490 quaeres,

155 1499 262 1568 Falsus
283 1500 364 1559 eris.
406 1499 483 1576 signi
506 1492 594 1558 eausa
617 1496 747 1558 canenda
769 1495 857 1558 mihi.

63 1600 96 1648 95
111 1587 243 1666 luppiter
267 1594 297 1648 et
319 1586 378 1646 lato
402 1588 453 1663 qui
476 1593 581 1663 regnat
602 1587 634 1646 in
656 1602 785 1664 aequore
808 1585 900 1646 trater

156 1672 321 1753 Carpebant
344 1675 438 1734 socias
461 1672 686 1752 Mercuriusque
710 1675 787 1734 rias.

111 1761 240 1842 Tempus
263 1770 327 1823 erat
339 1810 348 1842 ,
372 1779 431 1841 quo
455 1779 539 1822 versu
561 1763 630 1840 iugo
653 1761 825 1822 referuntur
848 1768 962 1842 aratra,

155 1849 193 1910 Et
215 1868 328 1928 pronus
351 1858 467 1910 saturae
490 1849 535 1910 iao
558 1848 633 1911 bibit
655 1866 749 1929 agnus
772 1852 853 1912 ovis.

112 1938 200 1998 Forte
224 1957 314 1998 senex
338 1937 487 2018 Hyrieus,
510 1940 628 2017 angusti
649 1937 746 1999 oultur
768 1937 872 2018 agelli,

64 2039 98 2088 00
158 2027 217 2088 Hos
240 2026 342 2100 videt,
366 2028 501 2104 exiguam
523 2025 619 2088 stabat
640 2034 675 2087 ut
697 2032 765 2087 ante
789 2044 903 2088 casem.

112 2114 207 2192 Atque
232 2117 271 2174 ita
295 2109 397 2190 ‘ionga
420 2114 466 2172 via
489 2120 557 2194 est,
581 2132 636 2175 uec
658 2122 793 2225 tempora
814 2114 902 2192 longa
924 2130 1026 2194 super·

658 2208 728 2260 sunt

157 2289 235 2348 Dixit
258 2281 305 2347 ‘et
326 2284 494 2364 hospitibus
516 2287 604 2347 ianua
626 2245 864 2366 uostru'patet!

113 2375 231 2436 Addidit
254 2383 285 2435 et
306 2373 418 2434 voltum
441 2372 539 2435 verbis
550 2418 562 2454 ,
583 2375 753 2452 iterumque
775 2376 904 2452 rogerii.
969 2385 1028 2439 (xeo)

157 2463 265 2523 Parent
287 2463 464 2542 promissis,
486 2460 731 2540 dissimulantque
753 2460 844 2522 deos.

60 2566 98 2612 ‚oo
113 2553 203 2610 Teuta
227 2553 307 2610 senis
331 2548 460 2611 subeunt
482 2551 567 2629 nigro
589 2549 732 2610 deformia
755 2548 855 2630 iumo;

157 2637 235 2716 ignis
258 2639 289 2697 in
313 2637 452 2698 hesterno
475 2638 576 2717 stipite
597 2654 707 2718 parvus
729 2644 809 2698 erat.

112 2727 178 2805 lpse
202 2745 280 2805 genu
303 2727 391 2786 nixus
413 2725 545 2787 flammas
567 2722 840 2807 exsuscitatum,

158 2814 195 2874 Et
218 2816 328 2892 promit
350 2830 472 2892 quassas
495 2815 728 2894 comminuitque
750 2814 845 2876 tates.

115 2899 199 2958 Stant
217 2901 346 2982 ratioes3
368 2902 465 2961 minor
483 2898 552 2961 inde
570 2899 672 2983 tubas,
690 2900 777 2964 troius
795 2899 1028 2977 attentabunt,

60 2997 101 3045 ‚to
159 2985 197 3045 Et
220 2997 357 3065 spumant
378 2995 461 3051 testu·
480 3006 603 3069 pressus
625 2998 752 3071 uterque
775 3006 848 3050 suo.

115 3073 248 3152 Dumque
268 3092 349 3136 mora
366 3085 434 3158 est,
456 3077 582 3139 tremula
601 3078 651 3140 dat
668 3082 736 3139 vina
752 3075 891 3137 rubentia
908 3075 1029 3136 dextrae

159 3163 272 3240 Accipit
295 3179 460 3242 aequoreus
482 3165 588 3244 poeula
609 3168 705 3245 primu
727 3164 816 3225 deus,
873 3168 878 3177 ⁴

114 3251 195 3320 Quae
219 3249 306 3310 simui
329 3252 485 3330 exhausit,
508 3248 562 3314 ‘da
585 3270 665 3314 nune
686 3250 769 3312 bibat
789 3245 910 3310 ordiue’
933 3249 1008 3310 dixit

158 3332 346 3416 ‘luppiter.'
387 3340 487 3401 audito
510 3338 614 3418 palluit
635 3338 685 3400 ilie
708 3338 793 3400 love.

60 3439 97 3486 ¹15
113 3426 150 3486 Ut
172 3427 262 3486 rediit
285 3427 423 3505 animus,
445 3426 590 3488 cultorem
612 3428 751 3508 pauperis
774 3427 837 3507 agri

158 3513 290 3583 inimolat
313 3521 343 3574 et
366 3529 472 3590 magno
494 3521 590 3577 torret
610 3517 643 3576 in
665 3516 733 3595 igne
756 3513 879 3577 hovem.
