2386 3892
463 168 495 220 V.
513 170 662 220 tto-892.
1000 163 1064 230 113

189 329 306 391 Belides
329 330 446 391 assidua
469 328 543 390 colla
565 336 743 409 premuntur
765 347 855 408 aqua.

147 417 283 497 Byblidos
307 426 339 478 et
361 417 512 498 Canaces,
535 420 561 478 si
584 420 634 478 cui
656 418 751 498 iacis,
773 418 876 478 ardeat
898 419 984 500 igne,

189 505 250 566 Nec
272 507 332 566 nisi
354 523 409 583 per
431 508 544 566 crimen
568 507 607 566 sit
629 504 684 565 tibi
706 506 764 566 fida
787 523 889 566 soror.

146 594 218 660 Pilia
241 595 267 654 si
290 593 402 672 inerit,
426 595 465 653 sit
488 593 566 672 quod
590 592 715 672 Pelopea
738 591 877 674 Thyesti,

91 693 134 742 333
189 679 307 759 Myrrha
331 698 385 741 333
408 683 508 760 patri,
531 680 763 759 Nyctimeneque
788 698 859 741 suo.

146 768 224 830 Neve
248 770 341 847 magis
365 771 412 846 pia
436 771 475 829 sit
498 770 646 847 capitique
669 770 802 848 parentis
825 769 935 848 amica,

191 856 284 926 Quam
308 874 361 916 sua
384 855 430 916 vel
451 854 607 935 Pterelae,
630 855 676 916 rel
699 854 775 936 tibi,
798 854 891 937 Nise,
914 855 988 917 tuit:

147 944 348 1023 Infamemque
371 943 468 1003 locum
492 942 614 1005 sceleris
637 962 713 1022 quae
736 946 856 1004 nomine
879 943 967 1026 lecit,

190 1031 303 1092 Pressit
326 1038 356 1092 et
378 1031 508 1092 inductis
530 1030 662 1091 membra
685 1039 807 1110 paterna
831 1033 921 1094 rotis.

91 1131 133 1180 335
147 1119 186 1180 Ut
207 1123 330 1181 iuvenes
352 1135 479 1201 pereas,
502 1121 634 1198 proiecta
657 1119 798 1181 cadavera
821 1137 966 1201 quorum,

191 1207 309 1286 Oraque
332 1206 452 1268 Pisaeae
475 1209 645 1268 sustinuere
668 1206 765 1268 iores:

148 1295 186 1357 Ut
208 1298 261 1374 qui
282 1294 432 1373 perfusam
456 1297 634 1356 miserorum
657 1313 745 1373 saepe
768 1311 927 1373 procorum

191 1383 258 1463 lpse
281 1401 335 1444 sno
358 1383 465 1445 melius
488 1386 630 1462 sanguine
654 1385 742 1443 tinxit
763 1382 906 1443 humum:

149 1471 285 1532 Proditor
308 1479 343 1532 ut
366 1472 445 1532 saevi
467 1473 557 1550 periit
579 1472 680 1550 auriga
703 1473 838 1552 tyranni,

93 1569 135 1619 333
192 1558 250 1629 Qui
271 1577 346 1620 nova
369 1559 499 1638 Myrtoae
523 1561 641 1620 nomina
665 1560 736 1619 lecit
758 1576 870 1639 aquae:

150 1645 187 1708 Ut
210 1649 262 1725 qui
284 1647 416 1708 velocem
439 1648 549 1710 frustra
572 1648 686 1726 petiere
709 1646 855 1730 puellam,

192 1734 269 1795 hum
292 1736 368 1795 lacta
391 1744 438 1795 est
460 1737 556 1815 pomis
580 1735 692 1795 tardior
713 1734 763 1795 illa
786 1735 901 1798 tribus:

149 1822 187 1883 Ut
210 1824 262 1901 qui
284 1830 362 1884 tecta
384 1823 454 1883 novi
477 1823 601 1883 sormam
625 1823 748 1884 celantia
771 1826 898 1885 monstri

194 1909 360 1987 [intrarunt
383 1928 488 1971 caecae
510 1928 570 1970 non
594 1911 745 1972 redeunda
768 1911 874 1975 domus
884 1910 905 1989 .]

95 2007 136 2058 335
149 1997 187 2059 Ut
211 2016 338 2077 quorum
360 1998 502 2059 Aeacides
524 1999 606 2058 misit
628 1997 774 2059 violentus
797 2001 828 2059 in
851 1998 942 2061 altum
1023 2012 1065 2066 (n)

192 2086 322 2164 Corpora
345 2104 413 2147 cum
437 2088 517 2147 senis
541 2086 631 2146 altera
654 2104 725 2146 sena
747 2105 870 2165 rogum.

149 2173 186 2234 Ut
210 2192 285 2252 quos
297 2221 307 2256 ,
330 2173 451 2235 obscuri
473 2176 567 2234 victos
590 2172 761 2250 ambagibus
784 2177 863 2255 oris,

193 2261 333 2339 Legimus
355 2262 491 2323 inlandne
516 2260 645 2339 Sphinga
668 2261 786 2322 dedisse
808 2265 893 2324 neci:

150 2348 188 2411 Ut
211 2352 262 2428 qui
285 2349 435 2411 Bistoniae
457 2348 568 2427 templo
592 2347 726 2407 cecidere
749 2347 916 2427 Minervae,

93 2445 137 2496 333
193 2436 321 2515 Propter
344 2438 422 2517 quod
446 2438 537 2497 iacies
560 2452 640 2495 nunc
664 2452 781 2514 quoque
805 2443 883 2496 tecta
906 2434 1025 2496 deaest:

150 2523 188 2586 Ut
211 2527 263 2605 qui
286 2524 417 2586 Threicii
440 2523 588 2605 quondam
611 2523 765 2603 praesepia
788 2525 867 2601 regis

192 2611 341 2674 Fecerunt
363 2612 488 2692 dapibus
511 2610 734 2690 sanguinolenta
757 2612 837 2672 suis:

92 2728 125 2741 —
149 2700 418 2762 Therodamanteos
441 2707 476 2761 ut
499 2703 550 2780 qui
572 2717 693 2762 sensere
715 2698 835 2782 leones,

193 2788 311 2868 Quique
333 2787 502 2850 Thoanteae
524 2788 650 2850 Taurica
673 2806 755 2850 33333
779 2788 868 2851 deae:

89 2883 136 2935 335
150 2875 188 2938 Ut
211 2894 287 2955 quos
309 2875 405 2957 Scylla
427 2894 516 2938 vorax
535 2875 706 2957 Scyllaeque
729 2877 851 2939 adversa
874 2876 1035 2955 Charybdis

192 2963 345 3026 Dulichiae
367 2964 488 3044 pavidos
512 2966 649 3042 eripuere
673 2967 750 3027 ratic

150 3051 188 3113 Ut
212 3070 287 3130 quos
310 3052 429 3114 demisit
450 3058 561 3113 vastem
584 3050 782 3132 Polyphemus
804 3052 835 3110 in
858 3048 975 3114 alvum:

194 3140 233 3201 Ut
255 3140 481 3220 Laestrygonias
505 3141 556 3219 qui
580 3137 698 3199 subiere
721 3154 844 3198 manns:

150 3227 188 3289 Ut
212 3246 287 3307 quos
310 3227 370 3290 dux
393 3227 512 3288 Poenus
535 3229 639 3288 mersit
660 3222 828 3305 putealibus
851 3223 939 3285 undis

88 3322 137 3374 333
193 3315 233 3377 Et
254 3319 332 3378 iacto
355 3333 443 3378 canas
466 3314 588 3394 pulvere
612 3315 683 3375 lecit
705 3328 813 3390 aquas.

151 3403 209 3464 Sex
231 3403 278 3466 his
301 3411 336 3465 ut
358 3403 486 3465 lcaridcs
509 3401 633 3463 famulae
656 3400 774 3480 periere
796 3399 955 3481 procique,

193 3491 288 3572 Inque
311 3499 400 3572 caput
422 3491 534 3552 domini
558 3491 609 3554 oni
632 3486 719 3550 dabat
741 3503 821 3550 arma
842 3491 959 3570 procis:

117 3596 198 3644 orm.
224 3601 269 3642 111.
890 3593 907 3646 8
