2386 3892
140 155 192 210 XX

141 340 177 380 ex
199 321 360 395 archetypo
383 319 534 392 traditam,
559 318 679 394 eiusque
703 318 747 378 rei
769 322 981 394 argumentum
1003 318 1078 377 mihi
1101 322 1147 379 est

141 407 333 484 interpolatio
357 406 465 466 codicis
488 406 647 481 Argentor.
671 408 702 464 et
724 406 930 482 posteriorum,
954 406 1083 465 duorum
1104 407 1148 465 di·

141 497 311 571 stichorum,
336 513 410 572 quae
428 494 517 569 plane
531 493 666 552 referunt
679 493 741 562 illa,
760 513 835 568 quae
849 493 942 552 Ibidis
956 497 1025 570 post
1037 514 1066 553 v.
1083 497 1147 554 130

141 588 239 644 erant:
267 583 425 658 utrobique
452 601 489 640 ex
510 599 569 640 uno
592 581 712 640 distichi
734 600 823 641 versu
845 582 984 640 bifariam
1008 583 1147 657 suppleto

140 673 211 730 bina
232 671 360 731 disticha
380 688 514 745 procusa.
658 676 660 680 ‘

228 759 349 818 Lacuna
368 757 496 816 secunda
513 774 568 816 nec
585 757 651 832 ipse
668 757 700 814 in
718 756 825 816 Hamb.
844 757 1004 832 indicatur,
1028 761 1148 816 tantum

140 867 188 907 vv.
213 849 255 906 20
278 847 317 905 ad
338 849 391 922 42,
414 844 612 922 vigintiduo,
635 844 679 903 ita
701 845 812 920 scripti,
835 848 870 904 nt
892 846 1059 904 hexametri
1081 863 1146 905 suc·

140 934 248 995 cedant
269 933 471 1010 pentametris.
525 932 557 990 in
584 931 682 991 codice
704 931 873 992 Monacensi
899 933 1063 992 vetustiore
1092 933 1146 991 mi·

141 1040 241 1081 serum
270 1025 317 1081 est
348 1021 598 1095 supplementum,
631 1019 662 1077 in
694 1021 921 1095 recentioribus,
952 1023 1026 1096 puto
1055 1020 1149 1080 etiam

142 1109 294 1185 Argorat,
317 1109 453 1169 alterum.

230 1197 331 1256 Tertio
358 1198 423 1255 loco
451 1195 531 1255 edita
561 1198 631 1255 sunt
657 1215 732 1272 quae
755 1196 863 1256 Hamb.
891 1197 995 1270 habet3
1029 1196 1148 1270 punctis

140 1286 292 1344 finiuntur.
364 1284 503 1343 librarius
540 1285 604 1359 ipse
647 1283 920 1360 supplementorum
956 1283 1149 1359 farraginem,

141 1392 230 1448 quam
257 1373 375 1433 novisse
402 1372 515 1447 potuit,
543 1375 697 1431 aversatus
726 1389 790 1430 esse
817 1370 947 1431 videtur:
975 1389 1080 1430 versus
1106 1373 1148 1431 36

142 1461 180 1519 ad
197 1463 241 1520 40
259 1460 438 1520 rhetoricam
456 1460 569 1518 habent
591 1459 858 1535 amplificationem,
877 1459 973 1533 qualis
991 1458 1024 1516 in
1042 1457 1151 1517 Heroi-

142 1549 227 1607 dibus
256 1551 287 1606 et
308 1549 428 1606 Metam.
452 1546 628 1605 dominatur.
683 1546 918 1622 Hamburgensis
946 1546 1021 1604 talia
1047 1546 1151 1605 reddit

142 1636 223 1694 1111
248 1637 319 1710 109,
342 1635 405 1692 IIII
427 1647 451 1692 X
475 1637 529 1710 21,
553 1634 632 1694 alibi.

229 1722 349 1781 Lacuna
372 1724 479 1797 quarta
500 1738 560 1780 non
583 1724 629 1779 est
652 1722 755 1780 amissi
779 1722 957 1796 pentametri
986 1724 1039 1780 aut
1062 1721 1150 1781 disti-

142 1810 198 1885 chi,
216 1810 268 1868 sed
283 1810 426 1869 sermonis
439 1812 508 1885 post
520 1827 640 1870 versum
653 1809 738 1868 illum
753 1808 931 1868 dehiscentis
945 1808 1089 1876 deiectus,
1104 1810 1151 1868 in·

141 1901 227 1973 tegra
246 1898 283 1955 ab
306 1900 432 1972 utraque
449 1900 536 1972 parte
554 1897 731 1973 paginarum
749 1915 896 1972 mensura,
913 1899 949 1954 ut
966 1899 1020 1956 aut
1036 1916 1151 1957 novum

142 2003 261 2043 cannen
275 2003 384 2060 magna
398 1985 571 2044 elocutionis
586 1985 810 2059 importunitate
821 1985 861 2043 sit
870 1984 1054 2060 ordiendum,
1068 1986 1152 2060 quod

144 2072 265 2148 quidam
287 2072 430 2147 fecerunt,
453 2077 506 2131 aut
525 2072 649 2131 schedae
667 2073 763 2147 unius,
786 2072 962 2149 paginarum
977 2065 1049 2151 (52)
1065 2065 1151 2151 (53),

142 2160 296 2234 archetypi
324 2154 442 2219 amissio
469 2159 665 2219 informanda.
720 2159 893 2218 crediderim
916 2160 990 2218 duas
1013 2160 1051 2218 ad
1076 2159 1150 2220 Oas-

143 2248 219 2306 siurn
243 2247 397 2323 Seianum,
422 2247 472 2323 qui
495 2249 541 2306 est
565 2246 643 2322 apud
665 2247 795 2305 Plinium
817 2247 855 2306 N.
878 2248 907 2308 h.
931 2247 1150 2325 XXX11H47,

142 2335 228 2394 datas
260 2335 401 2410 epistolas
435 2335 538 2393 eodem
570 2335 669 2411 aliquo
702 2335 823 2393 consilio
855 2335 1056 2411 continuatas,
1090 2356 1149 2412 quo

142 2422 218 2482 libro
240 2422 302 2481 IIII
325 2421 363 2481 ad
387 2422 452 2483 Sex.
471 2422 645 2497 Pompeium
660 2436 712 2481 1111
726 2426 757 2481 et
779 2437 811 2497 v,
834 2422 872 2480 ad
895 2423 1074 2482 Tuticanum
1097 2438 1149 2483 ΧΗ

142 2512 173 2569 et
195 2523 274 2569 X1111
292 2511 389 2570 locum
412 2510 532 2570 habent.

231 2596 341 2665 Quinto
363 2598 396 2656 in
417 2599 481 2658 loco
505 2597 557 2673 qui
574 2615 680 2657 versus
699 2598 783 2658 deest
800 2598 831 2656 in
849 2598 948 2657 codice
966 2599 1147 2677 Monacensi,

142 2683 265 2741 dubium
292 2684 343 2742 vix
366 2688 424 2760 est,
453 2685 637 2761 quinetiam
660 2685 769 2744 afuerit
791 2687 1013 2762 Hamburgensi
1035 2690 1067 2747 et
1091 2690 1147 2747 Ar-

142 2771 357 2847 gentoratensi3
381 2772 587 2846 supplementa
610 2777 729 2832 servata
751 2777 822 2833 sunt
842 2775 875 2833 in
897 2775 1121 2836 recentioribus.

230 2857 286 2916 His
308 2858 402 2934 igitur
421 2859 639 2920 discriminibus
657 2862 780 2936 partitio
798 2862 929 2936 corporis
948 2862 980 2921 in
999 2863 1146 2923 sectiones

142 2945 282 3019 efficitur,
305 2946 430 3020 primam
454 2960 519 3023 1111,
547 2949 704 3008 secundam
727 2963 804 3025 X111,
828 2951 949 3008 tertiam
972 2963 1147 3027 X11,quar·

141 3043 204 3091 tam
223 3046 303 3109 X111,
327 3035 461 3108 quintam
479 3048 564 3111 nvn,
589 3041 703 3096 sextam
717 3051 827 3097 XXXVI
848 3038 1027 3115 paginarum
1044 3041 1146 3099 arche·

141 3121 219 3197 typi,
252 3139 377 3196 quarum
409 3122 495 3182 unius
528 3125 669 3200 cuiusque
700 3126 791 3197 idem,
824 3127 875 3201 qui
905 3126 937 3183 in
964 3126 1049 3185 ibide
1080 3127 1146 3203 fuit,

141 3209 246 3266 modus
269 3210 450 3285 perquisitus
477 3211 652 3270 lacunarum
678 3214 709 3271 et
736 3213 1009 3287 supplementorum
1032 3216 1147 3290 aliquot

141 3299 297 3370 praeterea
323 3298 453 3373 vestigia
479 3300 625 3374 proferre,
652 3303 717 3358 tum
744 3300 982 3375 interpolationis
1009 3305 1147 3363 vetustae

142 3387 195 3441 aut
217 3384 343 3442 recentis
362 3386 488 3444 limitem
506 3387 662 3446 ostendere
680 3387 727 3446 hie
745 3406 861 3464 quoque
879 3390 1000 3463 poterit.
1049 3391 1147 3450 titulis

141 3470 298 3547 librorum,
331 3472 507 3548 ubicumque
538 3474 629 3548 positi
663 3475 798 3550 fuerunt,
835 3476 973 3535 binorum
1005 3495 1147 3538 versuum
