2386 3892
90 167 156 232 220
497 167 694 219 01000000

179 331 317 393 Nondum
340 330 486 392 Iustitiam
510 329 623 392 lacinus
646 329 770 391 mortale
794 329 927 409 ingaratz

113 432 165 481 200
224 419 330 479 Ultima
353 418 390 479 de
414 420 530 498 superis
553 418 601 479 illa
624 417 745 497 reliquit
766 417 908 479 humum:

181 508 299 585 Proque
323 515 403 567 metu
427 507 570 586 populum
594 507 658 567 sine
681 508 709 566 vi
731 505 828 586 pudor
850 507 915 586 lpse
939 505 1076 590 regebat,

223 593 328 655 Nullus
351 602 414 655 erat
437 596 524 656 iustis
547 594 671 656 reddere
695 597 760 654 iura
783 593 883 654 labor.

178 681 225 744 Nil
248 683 320 742 milri
344 700 412 743 cum
435 681 530 743 bello:
561 700 664 762 pacem
687 689 846 761 postesque
870 680 977 743 tuebar

223 766 293 851 inf
318 771 429 831 clavem
452 769 634 851 ostendens,
659 765 763 831 ‘haec'
787 772 828 830 ait
851 765 952 832 ‘arma
971 768 1075 851 gero?

114 871 165 920 250
181 858 335 920 Presserat
358 876 409 919 ora
433 858 528 920 deus.
569 866 641 919 tunc
665 860 708 919 sic
731 875 786 938 ego
809 865 911 919 nostra
934 859 1060 941 resolvi,

224 945 302 1007 Voce
326 964 390 1007 mea
413 965 499 1007 voces
523 946 659 1007 eliciente
682 946 748 1007 dei:

180 1030 271 1097 ‘Cum
295 1042 339 1094 tot
363 1035 422 1094 sint
444 1033 505 1094 lani
518 1082 528 1116 ,
551 1051 605 1094 cur
628 1041 688 1095 stas
712 1042 845 1095 sacratus
867 1035 899 1095 in
922 1051 1001 1115 uno,

224 1120 279 1182 llic
302 1121 354 1182 ubi
376 1124 477 1182 iuncta
500 1122 573 1182 loris
596 1121 704 1201 templa
728 1120 844 1183 duobus
866 1119 1001 1184 habesP'

180 1209 231 1271 llle
255 1227 344 1272 manu
368 1210 501 1270 mulcens
524 1227 684 1290 propexam
707 1209 744 1270 ad
766 1218 887 1290 pectora
911 1209 1049 1291 barbam,

114 1311 166 1360 200
224 1298 365 1359 Protinus
389 1297 501 1358 Oebalii
524 1297 639 1359 rettulit
660 1316 741 1360 arma
764 1298 848 1379 Tati,

180 1386 277 1465 thue
300 1386 373 1447 leuis
397 1395 520 1466 custos,
543 1385 665 1446 armillis
688 1393 794 1468 capta,
818 1385 943 1448 Sablnos

224 1475 268 1535 nd
291 1492 423 1536 summae
446 1476 551 1535 tacitos
575 1474 693 1535 duxerit
715 1476 792 1535 arcis
813 1476 889 1535 iter.

182 1558 291 1644 ‘lude,
319 1562 399 1623 velut
421 1580 501 1624 nunc
524 1569 591 1643 est,
619 1551 673 1642 'per
702 1579 790 1643 quem
817 1561 997 1626 descenditis
1005 1558 1030 1645 ,'

726 1652 823 1729 inquit

226 1732 355 1797 ‘Arduus
378 1739 408 1796 in
432 1736 520 1798 valles
544 1755 598 1816 per
621 1739 685 1798 fora
708 1737 801 1799 clivus
824 1747 906 1801 erat.

116 1824 221 1886 200111
243 1827 301 1884 iam
324 1826 487 1902 contigerat
509 1833 646 1905 portam,
671 1825 807 1887 Saturnia
830 1829 917 1888 cuius

224 1913 397 1990 dempserat
420 1915 569 1991 oppositas
591 1913 731 1976 insidiosa
754 1931 853 1976 seras.

181 2000 255 2061 Cmn
279 2007 360 2059 tanto
383 2002 495 2061 veritus
519 2004 704 2062 committere
728 2003 848 2063 numine
870 2019 1017 2083 pugnam,

224 2087 290 2167 lpse
305 2105 396 2147 »meae
419 2090 497 2148 movi
520 2089 641 2150 callidus
665 2092 737 2151 artis
761 2108 853 2169 opus,

180 2174 319 2255 Oraque,
343 2192 400 2254 qua
424 2176 537 2254 pollens
560 2196 616 2256 ope
640 2195 728 2258 sum,
751 2178 870 2239 fontana
893 2178 1018 2261 reclusi,

114 2275 165 2325 270
226 2263 357 2342 Sumque
380 2267 550 2343 repentinas
574 2264 735 2326 eiaculatus
758 2284 865 2347 aquas.

179 2351 254 2411 Ante
277 2359 375 2412 tamen
399 2352 523 2413 madidis
546 2353 660 2414 subieci
683 2353 805 2432 sulpura
828 2356 928 2435 veuls,

223 2439 379 2501 Clauderet
401 2448 436 2501 ut
458 2440 541 2501 Tatio
565 2441 695 2503 fervidus
717 2460 803 2503 umor
826 2443 901 2504 iter.

179 2529 270 2591 Cuius
293 2537 327 2590 ut
350 2528 460 2590 utilitas
483 2529 576 2607 pulsis
598 2537 739 2609 percepta
762 2528 897 2612 Sabinis,

224 2616 305 2687 Quae
328 2617 447 2693 luerat,
470 2623 535 2678 tuto
559 2616 673 2678 reddita
696 2618 790 2678 iorma
813 2618 878 2679 1000
901 2625 963 2680 001.

113 2715 164 2765 210
178 2706 235 2764 Ara
259 2705 330 2764 mihi
352 2707 447 2782 posita
471 2712 517 2765 001
539 2722 629 2784 parvo
652 2707 809 2766 coniuncta
832 2706 956 2768 sacello:

224 2790 304 2851 Haec
327 2791 423 2852 adolet
445 2792 570 2853 flammis
594 2812 662 2855 cum
686 2801 768 2854 strue
792 2795 870 2855 farra
893 2789 990 2856 suis.'

180 2875 229 2940 ‘at
252 2897 306 2940 cnr
329 2897 401 2956 pace
424 2879 520 2961 lates,
544 2884 690 2960 motisque
714 2880 877 2943 recluderis
900 2877 1029 2944 armisP'

222 2967 283 3028 Nec
307 2984 388 3026 mora
401 3013 409 3045 ,
433 2971 559 3045 quaesiti
582 2969 696 3031 reddita
720 2986 807 3030 causa
830 2969 903 3031 milri
926 2977 987 3031 est.

181 3051 234 3116 ‘Ut
257 3055 365 3135 populo
388 3055 502 3115 reditus
525 3064 644 3136 pateant
666 3058 702 3118 ad
725 3055 801 3119 bella
823 3057 974 3140 prolecto,

112 3153 163 3203 200
222 3143 295 3204 Tota
318 3151 398 3223 patet
421 3142 539 3221 dempta
561 3147 648 3206 lanua
671 3153 772 3206 nostra
795 3163 877 3207 sera.

179 3231 253 3291 Pace
277 3232 357 3292 iores
380 3231 479 3312 obdo,
502 3249 539 3292 ne
563 3250 620 3311 qua
644 3232 796 3294 discedere
820 3235 932 3312 possit:

223 3318 426 3398 Caesareoque
449 3321 500 3381 diu
523 3323 641 3382 nomine
665 3320 766 3381 clusus
789 3316 876 3382 ero.’

178 3403 279 3485 Dixit,
302 3414 332 3467 et
354 3407 490 3468 attollens
514 3408 615 3468 oculos
638 3408 754 3469 diversa
775 3416 913 3486 tuentes,

222 3493 345 3571 Aspexit
366 3502 428 3554 toto
453 3495 595 3574 quidquid
619 3495 745 3557 inorbo
769 3496 841 3558 luit.
