2386 3892
489 391 567 464 XII.

118 535 240 614 Frigora
262 535 322 596 iam
344 533 463 612 zephyri
484 536 646 613 minuunt,
666 551 804 614 annoque
825 544 946 615 peracto

117 623 245 701 Longior
268 624 398 700 antiquis
420 623 481 681 risa
503 620 628 681 Tomitis
648 622 762 700 hum,

118 712 334 790 lnpositamque
357 709 415 770 sibi
437 711 569 788 quinon
592 709 668 770 bene
690 709 813 789 pertulit
835 710 957 792 lhllen,

118 799 262 879 Tempora
286 799 440 858 nocturnis
462 815 554 875 aeque
577 797 684 858 diurna
705 799 795 860 iacit.

92 887 175 948 olam
198 887 306 947 violam
328 888 472 965 puerique
493 885 597 964 legunt
617 885 785 965 hilaresque
807 885 941 967 puellae,

118 973 237 1035 Rustica
261 992 336 1053 quae
359 972 440 1034 nullo
462 982 529 1033 neta
551 983 670 1034 serente
692 978 792 1054 renit3

119 1062 265 1141 Prataque
287 1061 457 1141 pubescunt
477 1064 626 1122 rariorum
648 1062 721 1123 flore
744 1062 896 1143 colorum,

119 1151 299 1229 lndocilique
321 1148 428 1228 loquax
450 1158 571 1228 gutture
594 1159 698 1210 vernet
718 1154 798 1231 evis3

119 1237 213 1319 thue
238 1237 329 1298 malae
351 1239 454 1298 matris
476 1240 589 1298 crimen
611 1239 739 1317 decom
751 1285 761 1316 ,
783 1238 912 1299 hirundo

82 1337 108 1386 10
122 1327 182 1387 Sub
206 1325 341 1387 trabibus
363 1343 454 1386 cunas
477 1334 614 1404 tectaque
637 1343 727 1404 parre
748 1326 835 1405 iecit;

120 1413 277 1493 llerbaqne
289 1461 300 1495 ‚
323 1432 397 1492 quae
420 1413 507 1474 latuit
528 1412 700 1474 Cerealibus
722 1411 828 1473 obruta
851 1411 959 1493 solcis,

119 1502 186 1563 Exit
208 1512 239 1563 et
260 1501 401 1582 expandit
421 1500 508 1561 molle
532 1519 674 1562 cacumen
696 1500 805 1581 lrumo;

120 1592 242 1671 Quoque
266 1589 332 1650 loco
354 1598 401 1650 est
418 1591 485 1650 vitis
497 1637 507 1669 ,
529 1589 566 1650 de
593 1589 713 1668 pelmlte
736 1607 852 1668 gemma
878 1597 1035 1653 moretur:

118 1679 190 1739 Nam
212 1678 318 1758 procul
340 1696 357 1738 a
379 1677 481 1738 Getico
504 1677 590 1738 litore
613 1679 680 1739 vitis
703 1676 804 1758 elest3

81 1778 107 1827 15
120 1767 243 1845 Quoque
266 1766 331 1827 loco
354 1774 402 1826 est
421 1764 511 1826 arbor
523 1811 532 1845 ,
563 1768 707 1844 turgescit
733 1769 765 1826 in
787 1765 895 1828 arbore
916 1784 1035 1828 mmus:

119 1855 190 1915 Nam
214 1854 319 1933 procul
341 1872 358 1914 a
381 1853 492 1914 Geticis
513 1853 623 1914 linibus
645 1853 735 1914 arbor
756 1853 857 1915 abest.

119 1943 184 2004 Otia
206 1960 286 2003 nunc
309 1945 399 2020 istic,
420 1944 589 2020 iunctisque
612 1960 649 2001 ex
672 1941 775 2003 ordine
798 1942 876 2003 ludis

119 2030 234 2092 Cedunt
256 2029 373 2090 verbosi
396 2028 514 2108 garrula
536 2029 613 2090 bella
636 2031 712 2090 lori.

119 2118 195 2179 Usus
219 2121 288 2196 equi
311 2135 391 2178 nunc
414 2126 481 2197 est,
503 2117 617 2178 levibns
640 2135 720 2179 nunc
743 2116 856 2178 luditur
878 2119 987 2198 arrum,

78 2217 107 2267 20
120 2206 203 2267 Nunc
226 2205 308 2284 pila,
330 2222 409 2265 nunc
433 2205 524 2266 celeri
547 2204 768 2266 rolvitnr'orbe
792 2205 933 2285 trochus,

120 2294 223 2373 Nunc,
251 2292 304 2354 nbi
326 2294 447 2372 perlusa
469 2303 516 2354 est
539 2292 603 2353 oleo
626 2292 765 2372 labente,
788 2295 927 2354 inventus

120 2381 257 2442 Delessos
280 2390 362 2442 artus
386 2380 504 2460 Virgine
529 2381 637 2458 tinguit
659 2397 750 2458 aqua.

122 2469 232 2531 Scaena
255 2471 334 2548 viget
346 2514 355 2548 ,
378 2469 542 2547 studiisque
567 2468 650 2527 lavor
672 2466 852 2528 distantibus
875 2464 975 2545 ardet,

120 2557 235 2636 Proque
260 2556 357 2618 tribus
379 2565 519 2618 resonant
543 2565 626 2617 terna
650 2554 764 2614 theatra
787 2554 879 2613 loris.

78 2644 145 2706 250
169 2653 274 2725 quater
286 2690 296 2726 ,
318 2663 336 2705 o
360 2647 498 2723 quotiens
521 2661 581 2704 non
604 2652 651 2704 est
673 2659 852 2722 numerare,
875 2639 1011 2723 beatum,

121 2732 184 2794 Non
207 2732 364 2793 interdicta
387 2735 436 2793 cui
458 2731 529 2793 licet
551 2731 630 2792 Urbe
653 2729 729 2792 lruil

120 2820 251 2883 etmihi
274 2823 402 2881 sentitur
424 2822 474 2880 nix
497 2837 589 2882 verno
611 2819 674 2881 sole
696 2819 809 2901 soluta,

122 2909 261 2988 Quaeque
284 2907 351 2969 lacu
374 2908 449 2969 duro
472 2925 532 2969 non
554 2908 707 2970 fodiuntur
730 2925 841 2988 aquae;

120 2996 181 3057 Nec
200 3014 281 3058 mare
300 2997 466 3057 concrescit
479 2996 589 3077 glacie,
607 3013 663 3057 nec
682 3005 716 3058 ut
733 2998 800 3057 ante
810 3040 819 3074 ,
836 3011 891 3074 per
905 2992 1039 3054 Histrum

77 3095 109 3145 ³0
124 3085 253 3146 Stridula
278 3084 467 3146 Sauromates
488 3084 620 3163 plaustra
643 3083 791 3145 bubulcus
813 3083 890 3160 agit.

120 3172 268 3253 Incipient
289 3173 403 3252 aliquae
429 3181 527 3233 tamen
550 3172 608 3233 huc
632 3172 740 3232 adnare
764 3171 899 3248 carinae,

122 3260 303 3342 Hospitaque
326 3263 358 3321 in
380 3260 467 3322 Ponti
489 3260 576 3321 litore
600 3261 708 3338 prinpia
731 3259 806 3318 erit.

122 3349 249 3410 Sedulus
273 3367 427 3410 occurram
450 3356 579 3427 nautae,
602 3347 739 3424 dictaque
763 3341 874 3420 salute,

124 3437 201 3508 Quid
226 3438 324 3498 veniat
336 3484 345 3518 ,
369 3454 530 3516 quaeram,
554 3435 657 3514 quisve
681 3430 824 3509 quibusve
848 3429 938 3490 locis.

78 3534 108 3584 ³5
122 3524 174 3585 llle
198 3524 317 3604 quidem
340 3527 449 3585 mirum
472 3525 505 3584 ni
527 3523 563 3583 de
586 3520 708 3599 regione
731 3519 896 3598 propinqua
