2386 3892
91 185 133 248 14
159 198 166 207 ’
508 183 679 234 uersurum

178 345 355 410 Pectoribus
379 353 522 426 quantum
544 354 577 407 tu
600 346 712 406 nostris
723 391 733 425 ,
756 362 832 406 uxor
844 390 853 425 ,
876 345 1031 424 inhaeres,

85 489 88 496 .
179 437 273 515 Digna
295 437 394 496 minus
418 437 549 515 misero,
572 450 632 494 non
655 432 777 493 meliore
800 434 882 494 viro.

149 525 222 586 5Te
246 542 310 585 mea
334 525 487 602 supposita
509 520 602 583 veluti
624 520 707 582 trabe
730 520 803 582 fulta
826 523 913 582 ruina
936 528 999 583 est:

181 611 285 691 Siquid
309 611 404 672 adhuc
429 628 483 689 ego
507 627 572 671 sum
585 656 595 690 ,
618 610 751 669 muneris
775 626 861 669 omue
885 611 929 670 tui
953 616 1016 670 est.

180 700 226 761 Tu
250 701 322 760 lacis
335 746 344 778 ‚
367 704 402 760 ut
425 697 552 778 spolium
574 715 635 758 non
658 699 735 777 sim,
765 714 821 757 nec
844 697 941 758 nuder
964 696 1001 758 ab
1024 695 1077 757 illis

180 787 331 866 Naufragii
353 785 467 847 tabulas
489 787 542 865 qui
563 787 677 865 petiere
699 787 775 846 mei.

181 874 278 954 thue
301 892 392 954 rapax
415 873 584 935 stimulante
608 873 684 933 lame
708 872 894 953 cupidusque
918 875 1035 934 cruoris

135 975 168 1024 10
191 963 407 1023 Incustoditum
431 969 528 1040 captat
550 960 625 1021 ovile
647 960 753 1042 lupus,

181 1051 240 1111 dut
262 1058 297 1111 ut
319 1050 392 1110 edax
415 1049 514 1111 vultur
538 1067 646 1128 corpus
669 1050 873 1128 circumspicit
894 1050 1010 1128 ecquod

184 1137 245 1200 Sub
269 1137 349 1198 nulla
371 1139 500 1216 positum
524 1154 647 1198 cernere
671 1139 766 1217 possit
787 1136 897 1218 humo,

183 1226 232 1287 Sic
255 1243 320 1286 mea
343 1227 444 1286 nescio
468 1227 557 1306 quis,
580 1224 671 1286 rebus
694 1224 769 1285 male
791 1224 869 1286 fidus
891 1224 1024 1305 acerbis,

181 1314 215 1375 ln
238 1313 315 1374 bona
339 1321 503 1393 venturus,
527 1315 552 1373 si
573 1320 733 1392 paterere,
756 1312 829 1373 luit.

136 1414 167 1462 15
182 1402 268 1464 Hunc
292 1410 341 1464 tua
364 1420 419 1481 per
444 1398 530 1460 sortis
557 1402 653 1461 virtus
676 1403 833 1461 summovit
856 1402 984 1482 amicos,

182 1490 268 1551 Nulla
292 1488 399 1568 quibus
422 1488 508 1549 reddi
529 1491 622 1566 gratia
645 1488 733 1567 digna
754 1496 870 1568 potest.

183 1577 262 1656 Ergo
286 1595 374 1656 quam
397 1578 529 1655 misero,
551 1584 611 1636 tam
634 1594 704 1636 vero
727 1585 804 1637 teste
826 1576 980 1658 probaris,

184 1665 238 1724 llic
261 1663 379 1743 aliquod
401 1663 518 1743 pondus
541 1662 675 1724 simodo
699 1666 784 1725 testis
806 1664 912 1726 habet.

184 1753 245 1813 Nec
268 1751 415 1832 probitate
438 1759 489 1812 tua
512 1753 594 1829 prior
617 1758 663 1812 est
685 1760 736 1813 aut
759 1751 896 1814 Hectoris
919 1770 1011 1835 uxor,

135 1853 169 1900 20
184 1842 243 1901 Aut
265 1858 364 1900 comes
388 1842 518 1901 extincto
541 1838 696 1900 Laodamia
719 1842 800 1902 viro.

184 1928 230 1988 Tu
254 1930 279 1989 si
301 1927 467 1988 Maeonium
491 1937 585 1988 vatem
609 1932 712 1989 sortita
735 1929 862 2009 luisses,

184 2015 349 2094 Penelopes
372 2022 451 2076 esset
474 2015 550 2076 lama
573 2016 702 2077 secunda
725 2025 810 2078 tuae.
900 2014 907 2024 ”

136 2117 170 2165 33
185 2104 284 2165 Prima
306 2103 404 2164 locum
428 2111 544 2164 sanctas
566 2104 703 2165 heroidas
727 2106 804 2166 inter
826 2104 968 2187 haberes,

136 2204 170 2252 34
184 2192 282 2252 Prima
305 2191 391 2252 bonis
414 2193 504 2252 animi
526 2194 733 2272 conspicerere
756 2195 818 2254 tui:

186 2279 253 2341 Sive
276 2279 331 2341 tibi
352 2279 409 2341 hoc
434 2278 547 2359 debes,
570 2279 650 2341 nullo
672 2282 721 2359 pia
744 2281 819 2341 iacta
843 2283 1000 2360 magistro,

186 2367 319 2447 Cumque
343 2385 418 2428 nova
440 2386 538 2429 mores
561 2377 632 2429 sunt
653 2367 708 2429 tibi
730 2368 796 2430 luce
820 2367 897 2450 dati,

137 2468 171 2518 ao
186 2456 307 2518 Femina
330 2474 383 2518 seu
407 2459 546 2536 princeps
570 2473 673 2517 omnes
696 2455 751 2517 tibi
773 2455 851 2518 culta
873 2474 928 2536 per
951 2474 1040 2517 annos

185 2546 227 2606 Te
251 2545 338 2606 docet
361 2544 527 2624 exemplum
551 2545 684 2622 coniugis
707 2562 772 2605 esse
795 2543 907 2626 bonae,

185 2633 416 2712 Adsimilemque
440 2635 487 2693 sui
509 2630 595 2710 longa
618 2631 811 2693 adsuetudine
834 2632 923 2715 fecit,

187 2720 313 2781 Grandia
337 2723 363 2781 si
385 2721 483 2801 parvis
506 2718 681 2780 adsimulare
703 2718 788 2780 licet.

186 2807 223 2868 Ei
236 2808 325 2889 mihi,
344 2826 404 2868 non
418 2825 539 2885 magnas
553 2807 631 2885 quod
649 2807 760 2868 babent
778 2825 842 2868 mea
861 2809 990 2869 carmina
1008 2809 1075 2867 vires

139 2910 173 2958 30
187 2896 353 2975 Nostraque
377 2904 447 2956 scrut
469 2897 583 2956 meritis
606 2913 657 2956 ora
681 2897 794 2956 minora
817 2898 895 2976 tuis,

188 2983 292 3063 Siquid
316 2986 398 3044 etin
421 2981 507 3045 nobis
529 2985 587 3044 vivi
609 2984 666 3044 luit
687 2991 754 3044 ante
777 2985 905 3065 vigoris,

188 3071 359 3133 Extinctum
382 3070 477 3150 longis
500 3071 608 3132 occidit
630 3089 716 3132 omne
741 3070 850 3132 malisl·
916 3085 920 3090 ’

141 3174 174 3222 35
190 3160 468 3238 Quantumcumque
492 3167 590 3220 tamen
613 3161 771 3237 praeconia
793 3167 895 3219 nostra
919 3156 1062 3231 valebunt,

189 3246 375 3309 Carminibus
398 3249 479 3307 vives
502 3255 619 3327 tempus
641 3249 673 3307 in
695 3264 781 3307 omne
805 3249 898 3308 meis.
