2386 3892
438 164 484 216 IV.
503 175 516 216 1
530 167 663 217 1-1129.
988 159 1052 228 187

137 326 271 390 Vindicet
293 334 328 386 ut
349 324 473 387 Calamis
496 323 635 406 laudem,
663 342 738 405 qnos
766 325 860 407 fecit,
888 341 1054 405 equorum:

182 414 219 477 Ut
240 413 344 476 similis
366 431 452 475 verae
475 430 563 475 vacca
585 412 715 493 Myronis
738 431 831 493 opus:

88 519 123 570 35
139 505 187 566 Sic
210 520 265 582 ego
288 520 353 563 sum
377 519 479 564 rerum
501 519 561 563 non
584 500 709 582 ultima,
733 499 845 582 Sexte,
867 509 1004 583 tuarum,

180 591 362 671 Tutelacque
386 591 466 651 seror
488 606 598 651 munus
621 607 756 670 opusque
779 597 870 652 tuae.

524 782 570 855 II.

138 942 223 1014 Quod
245 941 342 1021 legis,
364 959 382 1000 ο
405 947 486 1003 vates
509 957 684 1022 magnorum
703 907 833 1004 maximo
856 957 979 1021 regum,

183 1030 268 1091 Venit
291 1028 327 1090 ab
351 1030 478 1091 intonsis
498 1047 596 1109 vusque
608 1075 618 1110 ,
642 1028 752 1091 Severe
764 1076 773 1111 ,
798 1027 899 1091 Getis:

139 1120 230 1181 Cuius
253 1115 350 1179 adhue
372 1134 481 1179 nomen
504 1127 624 1179 nostros
647 1119 776 1180 tacuisse
798 1116 932 1199 libellos,

184 1206 215 1267 Si
237 1204 325 1266 modo
348 1207 495 1285 permittis
519 1205 620 1267 dicere
642 1223 734 1286 vera,
756 1206 865 1286 pudet.

109 1293 218 1358 corba
240 1303 339 1356 tamen
362 1295 495 1355 numeris
518 1294 644 1355 cessarit
666 1292 792 1372 epistula
814 1309 976 1372 numquam

183 1382 229 1444 lre
252 1399 307 1461 per
329 1380 457 1443 alternas
480 1381 611 1443 officiose
633 1381 730 1442 vices.

140 1471 276 1534 Carnrina
298 1468 360 1530 sola
384 1469 437 1531 tibi
461 1485 623 1530 memorem
644 1468 783 1531 testantia
804 1484 908 1529 eurem
999 1480 1056 1531 (10⁷)

182 1557 247 1618 Non
271 1556 338 1619 data
361 1566 452 1619 sunt.
494 1556 566 1636 quid
589 1557 691 1638 enim,
714 1555 884 1706 quaepacis
906 1557 986 1637 lpse,

686 1643 788 1706 darem

140 1734 214 1805 Quis
236 1731 295 1794 mel
314 1731 470 1813 Aristaeo,
493 1734 560 1813 quis
583 1731 700 1795 Baccho
722 1734 790 1794 vina
811 1730 959 1814 Falerno,

92 1836 126 1884 10
184 1819 365 1901 Triptolemo
388 1821 512 1902 fruges,
534 1839 622 1901 poma
644 1821 695 1882 det
716 1816 865 1882 Alcinoo?

140 1909 249 1971 Fertile
273 1916 378 1988 pectus
401 1908 515 1987 hahes,
537 1911 677 1989 interque
699 1907 841 1971 llelicona
864 1907 996 1970 colentes

183 1996 311 2060 Uberius
334 1995 407 2057 nulli
429 1998 566 2076 provenit
588 1999 645 2059 ista
668 2014 771 2077 seges.

140 2085 258 2146 Mittere
281 2083 416 2146 adhunc
438 2092 581 2166 carmen,
604 2085 724 2147 frondes
743 2091 808 2147 erat
827 2083 936 2147 addere
959 2082 1057 2145 silvis.

184 2173 263 2234 Haec
287 2172 360 2234 mihi
382 2171 541 2235 cunctandi
563 2191 674 2254 ceusa,
698 2172 830 2254 Severe,
853 2172 926 2234 luit.
1053 2241 1055 2245 Α

94 2274 126 2324 15
141 2261 201 2322 Nec
225 2270 323 2323 tamen
345 2262 497 2340 ingenium
520 2260 606 2321 nohis
629 2259 813 2340 respondet,
835 2266 870 2321 ut
892 2267 977 2339 ante,

186 2348 244 2410 Sed
267 2351 380 2410 siceum
403 2348 498 2409 sterili
520 2365 639 2409 vomere
662 2347 733 2409 litus
756 2363 825 2408 aro.

143 2437 263 2498 Scilicet
285 2445 319 2498 nt
340 2435 429 2498 limus
452 2453 542 2498 venas
564 2442 703 2497 excaecat
724 2435 755 2514 iu
778 2433 885 2515 undis,

186 2524 338 2627 Lapsaque
362 2523 523 2604 subpresso
546 2523 627 2585 fonte
650 2510 764 2583 resistit
786 2538 879 2600 aque,

142 2612 265 2673 Pectora
289 2614 333 2674 sic
356 2630 420 2674 mea
444 2621 514 2674 sunt
535 2611 606 2673 limo
629 2612 730 2673 vitiata
751 2607 914 2689 mulorum,

94 2712 129 2761 20
187 2699 224 2762 Et
248 2719 367 2762 carmen
391 2718 465 2762 vene
487 2701 665 2780 pauperiore
687 2697 770 2759 lluit.

143 2787 273 2867 Siquis
265 2806 297 2850 tn
319 2788 404 2850 hac
396 2805 494 2869 rpsum
517 2795 597 2850 terre
619 2787 770 2867 posuisset
791 2782 969 2865 Homerum,

186 2876 295 2958 Esset,
318 2876 407 2938 crede
430 2875 524 2956 mihi,
547 2875 643 2937 fectus
666 2882 697 2938 et
718 2873 768 2937 ille
790 2871 898 2937 Getes

141 2963 183 3025 Da
207 2921 321 3026 venidm
345 2965 445 3043 lasso,
468 2964 575 3026 studiis
599 2981 717 3045 quoque
739 2963 825 3025 irena
846 2962 966 3041 remisi,

185 3051 311 3114 Ducitur
334 3063 366 3114 et
388 3051 488 3132 digitis
511 3052 610 3114 littera
632 3069 699 3113 rara
721 3053 813 3113 meis.

93 3151 127 3200 25
143 3139 274 3219 impetus
297 3139 345 3202 ille
369 3158 474 3221 sacer,
497 3143 549 3221 qui
572 3149 671 3202 vatum
693 3148 815 3217 pectora
837 3135 951 3214 nutrit,

187 3226 245 3299 Qui
268 3230 353 3307 prius
375 3230 406 3290 in
429 3228 516 3290 nohis
539 3245 604 3291 esse
628 3225 759 3305 solebat,
781 3222 882 3285 abest.

144 3314 197 3377 Vix
221 3318 302 3378 venit
325 3316 361 3378 ad
383 3325 484 3396 partes
496 3362 506 3396 ,
528 3317 577 3377 vix
600 3319 734 3393 sumptae
756 3309 840 3372 illusa
863 3307 986 3372 tabellae

186 3403 304 3482 inponit
326 3406 426 3484 pigras
448 3421 543 3483 paene
566 3409 667 3464 coacte
689 3416 812 3461 manus.

142 3490 316 3572 Parvaque,
339 3509 377 3553 ne
401 3491 497 3553 dicem
519 3487 670 3552 scribendi
692 3485 772 3549 nulls
795 3484 929 3566 voluptas
1006 3495 1062 3546 noe)
