2386 3892
135 152 198 216 218
540 151 732 204 11010111

224 317 299 377 Tum
324 317 397 377 dens
420 315 594 377 incumbens
617 314 744 393 baculo,
763 333 851 394 quem
876 316 980 376 dextra
1002 315 1135 396 gerebat,

269 401 390 465 ‘Omina
413 398 584 483 principiis'
607 405 704 481 inquit
728 397 841 463 ‘inesse
865 403 981 464 solent.

223 492 265 552 Ad
289 495 415 570 primam
437 509 539 552 vocem
563 490 679 551 timidas
702 491 854 552 advertitis
877 508 985 572 aures,

160 594 209 643 180
267 579 306 639 Et
329 582 419 640 visam
443 582 572 659 primum
595 578 723 639 consulit
746 596 840 658 augur
863 597 963 640 avem.

223 667 343 746 Templa
367 676 468 747 patent
490 684 637 745 auresque
660 666 748 727 deum
760 713 770 747 ,
794 685 850 728 nec
872 666 973 745 lingua
996 666 1119 729 caducas

268 754 403 835 Concipit
428 755 484 816 ulla
506 773 612 833 preces
625 803 633 834 ,
657 755 793 833 dictaque
817 755 934 834 pondus
957 751 1099 817 hahent?

226 844 360 904 Desierat
382 842 487 904 lanus.
528 861 584 903 nec
607 842 693 921 longa
716 843 831 904 silentia
854 845 929 927 leci,

269 931 327 992 Sed
351 934 434 1011 tetigi
457 930 555 992 verbis
578 932 680 992 ultima
703 931 792 992 verba
814 934 906 994 meisa

159 1032 208 1081 185
225 1016 316 1089 ‘Quin
340 1020 401 1080 volt
423 1018 516 1098 palma
541 1018 598 1079 sihi
621 1038 787 1099 rugosaque
811 1015 921 1081 carica'
946 1018 1009 1081 dixi

270 1102 324 1166 ‘Et
346 1106 412 1167 data
436 1107 491 1166 sub
515 1109 598 1167 niveo
623 1108 740 1168 condita
759 1108 847 1169 mella
871 1103 988 1169 cado?'

225 1190 350 1255 ‘Omen'
375 1197 415 1255 ait
439 1190 543 1255 ‘cansa
566 1203 633 1276 est,
656 1205 690 1256 ut
711 1214 761 1256 res
784 1213 871 1276 sapor
893 1196 944 1257 ille
968 1203 1120 1276 sequatur,

268 1282 306 1344 Et
328 1290 449 1362 peragat
472 1291 609 1362 coeptum
632 1283 727 1345 dulcis
751 1292 785 1344 ut
807 1303 902 1345 annus
925 1279 1018 1345 iter.'

226 1366 344 1431 ‘Dulcia
368 1390 421 1432 cur
444 1372 574 1451 dentur,
597 1372 702 1433 video.
745 1375 831 1451 stipis
854 1371 937 1434 adice
960 1390 1094 1453 causam,

161 1472 211 1520 100
269 1458 340 1520 Pars
363 1460 436 1520 mihi
459 1459 495 1519 de
518 1460 594 1520 sesto
618 1479 655 1520 ne
677 1459 757 1520 labet
779 1460 837 1521 ulla
861 1455 946 1522 tuo.'

224 1546 321 1622 Risit,
345 1555 375 1608 et
399 1544 431 1607 ‘o
451 1565 538 1626 quam
562 1554 591 1608 te
614 1547 719 1609 lallunt
741 1556 792 1609 tua
814 1547 931 1609 saecula
944 1543 969 1628 ,'
993 1547 1065 1609 dixit

269 1631 342 1704 ‘Qui
365 1637 441 1712 stipe
464 1636 522 1695 mel
545 1646 660 1714 sumpta
684 1635 800 1697 dulcius
823 1653 889 1697 esse
912 1635 1017 1716 putas!

224 1721 276 1781 Vix
301 1740 355 1800 ego
379 1722 507 1784 Saturno
532 1740 707 1802 quemquam
731 1733 874 1802 regnante
897 1723 1048 1805 videbam,

271 1809 361 1870 Cuius
384 1828 444 1870 non
467 1813 563 1871 animo
588 1811 684 1872 dulcia
707 1812 788 1873 lucra
811 1813 927 1873 forent.

160 1910 209 1958 195
224 1897 369 1975 Tempore
394 1901 486 1958 crevit
509 1917 613 1980 amor,
637 1902 689 1978 qni
711 1918 790 1960 nune
814 1908 860 1960 est
882 1916 1035 1981 summus,

768 1987 910 2049 habendi.

268 2073 321 2132 Vix
345 2073 442 2153 ultra,
466 2064 524 2152 qim
548 2076 605 2135 iam
628 2075 856 2156 progrediatur,
879 2075 986 2137 habet.

224 2161 321 2221 Pluris
344 2179 415 2240 opes
435 2179 513 2222 nunc
538 2170 629 2241 sunt,
653 2181 740 2241 quam
759 2164 851 2242 prisci
873 2165 1017 2243 temporis
1039 2163 1127 2239 annis,

267 2249 343 2308 llum
366 2250 493 2328 populus
516 2267 650 2330 pauper,
673 2250 744 2311 dum
766 2269 840 2311 nova
863 2250 956 2312 Roma
979 2251 1052 2312 luit:

224 2337 299 2397 Dum
323 2355 388 2397 casa
411 2337 602 2416 Martigenam
626 2328 759 2416 capiebat
782 2356 871 2418 parva
895 2339 1068 2420 Quirinum,
1185 2396 1189 2415 ,

159 2435 209 2485 100
268 2424 306 2485 Et
328 2425 416 2486 dabat
438 2429 575 2504 exiguum
599 2426 730 2486 lluminis
753 2426 819 2488 ulva
842 2434 959 2488 torum.

223 2512 356 2592 luppiter
379 2523 501 2591 angusta
525 2515 573 2572 vix
595 2521 675 2573 totus
700 2513 796 2574 stabat
816 2516 848 2574 in
870 2515 962 2596 aede,

269 2601 361 2681 Inque
384 2601 460 2662 lovis
483 2601 585 2661 dextra
609 2601 698 2662 fictile
722 2601 832 2662 lulnren
855 2610 937 2663 erat.

218 2688 392 2748 Frondibns
416 2688 580 2770 ornabant,
605 2707 679 2768 quae
703 2708 781 2750 nnnc
805 2689 948 2769 Capitolia
970 2690 1100 2769 gammo,

268 2775 469 2855 Pascebatque
492 2795 561 2838 suas
584 2779 647 2856 ipse
671 2786 790 2838 senator
813 2796 900 2839 oves:

160 2875 211 2923 205
226 2864 286 2923 Nec
310 2863 427 2942 pudor,
450 2867 480 2925 in
504 2865 611 2943 stipula
634 2865 777 2943 placidam
800 2867 916 2944 cepisse
939 2867 1066 2946 quietem

269 2950 307 3010 Et
330 2951 447 3011 laeuum
471 2955 561 3029 capiti
583 2956 774 3032 supposuisse
798 2954 871 3014 luit.

225 3039 293 3100 lura
316 3038 403 3099 dabat
425 3039 542 3117 populis
565 3043 661 3119 posito
685 3041 771 3102 modo
794 3049 915 3120 praetor
938 3050 1049 3121 aratm,

269 3127 307 3187 Et
329 3128 401 3187 levis
425 3130 539 3204 argenti
561 3128 698 3191 lammina
721 3130 832 3189 crimen
857 3137 938 3191 erat.

226 3215 263 3275 nt
285 3225 440 3295 postquam
464 3216 582 3276 lortnna
605 3217 662 3276 loci
685 3224 773 3296 caput
795 3217 902 3278 extulit
924 3217 1028 3298 huius,

161 3314 211 3362 210
270 3302 308 3364 Et
330 3306 426 3382 tetigit
449 3322 564 3364 summo
588 3308 697 3365 vertice
720 3305 811 3365 Roma
835 3304 926 3385 deos,

227 3388 390 3451 Creverunt
413 3399 443 3451 et
466 3410 537 3470 opes
561 3399 590 3452 et
614 3411 703 3471 opum
726 3392 837 3453 furiosa
861 3392 986 3473 cupido,

270 3476 329 3556 Et,
354 3496 422 3537 curn
444 3480 615 3557 possideant
637 3480 784 3562 plurima,
808 3480 894 3560 plura
917 3486 1034 3563 petunt.
