2386 3892
444 189 466 243 1.
485 168 698 243 nee-me
1048 190 1068 254 7

148 349 234 422 Quod
254 351 355 412 faciles
374 358 444 430 opto
467 359 594 433 ventos,
614 353 739 431 -quis
762 352 1068 434 0101οτ000000-

148 438 292 501 Sarmatis
315 447 361 501 est
383 439 493 520 tellus,
518 458 605 519 quam
628 458 693 500 mea
715 441 778 500 vela
802 449 924 519 petunt.

147 526 293 607 Obligor,
315 535 350 588 ut
372 536 490 606 tangam
512 528 587 588 laevi
609 528 672 589 sera
694 527 781 589 litora
803 528 907 612 Ponti,

147 614 294 694 Quodque
317 617 358 676 sit
378 634 396 676 a
417 619 511 695 patria
534 624 594 677 tam
616 617 685 695 suga
707 616 812 695 tarda,
836 636 964 696 queror.

97 715 131 765 85
146 702 254 764 Nescio
278 722 337 783 quo
360 703 474 764 videam
496 706 609 784 positos
632 707 719 766 utin
742 704 814 764 orbe
838 703 985 787 Tomitas,

147 791 263 852 Enilem
285 793 361 852 iacio
383 809 438 871 per
461 810 526 852 mea
548 800 615 853 vota
636 794 729 853 viam.

149 879 209 940 Seu
232 897 279 939 me
302 879 438 960 diligitis,
461 888 558 941 tantos
581 883 750 960 conpescite
774 880 901 962 fluetus,

148 967 304 1045 Pronaque
328 970 387 1028 sint
409 976 528 1029 nostrae
551 971 671 1030 numina
695 977 792 1030 vestra
815 972 889 1050 rati3

149 1054 208 1115 Seu
231 1057 324 1133 magis
347 1055 472 1139 odistis,
494 1059 592 1117 iussae
615 1075 663 1117 me
686 1057 829 1118 advertite
852 1066 968 1119 terrae:

99 1155 134 1203 00
151 1142 294 1221 Supplioii
315 1161 385 1222 pars
408 1152 454 1205 est
476 1146 507 1205 in
530 1147 651 1223 regione
675 1147 749 1207 mei.

149 1230 290 1291 Ferte-
301 1231 372 1309 quid
391 1231 439 1292 hio
454 1231 528 1293 lacio
543 1229 613 1292 1-
627 1232 723 1312 rapidi
741 1250 806 1292 mea
826 1250 949 1314 corpora
967 1233 1067 1296 rentii

148 1319 294 1379 Ausonios
316 1319 391 1379 fines
413 1338 467 1380 eur
489 1338 555 1381 mea
577 1321 641 1381 vela
662 1316 791 1380 volunt?

149 1405 250 1466 Noluit
268 1406 324 1466 hoe
343 1406 470 1468 Caesar.
509 1408 581 1486 quid
592 1455 602 1489 ,
627 1424 715 1486 quem
735 1408 817 1486 lugat
837 1406 909 1489 ille,
932 1407 1068 1470 tenetis?

150 1495 280 1573 aspiciat
301 1494 400 1555 vultus
423 1495 545 1556 Pontica
567 1502 647 1556 terra
670 1512 770 1555 meos.

100 1595 135 1642 aa
150 1581 187 1642 Et
209 1581 293 1644 iubet
315 1591 346 1643 et
368 1586 485 1644 merui.
522 1601 578 1644 neo
590 1631 599 1665 ,
623 1601 697 1662 quae
722 1583 903 1645 damnaverit
924 1583 991 1664 ille,

151 1669 278 1730 Crimina
302 1670 420 1732 delendi
442 1673 545 1750 iasque
568 1674 710 1752 piumque
732 1680 823 1751 puto.

151 1756 182 1818 Si
204 1765 303 1819 tamen
326 1766 390 1819 aeta
413 1759 485 1819 deos
507 1777 667 1839 numquam
691 1760 824 1821 mortalia
847 1761 969 1841 lallunt,

150 1847 173 1905 Α
197 1845 283 1925 oulpa
305 1846 419 1907 lacinus
443 1849 525 1908 soitis
548 1847 651 1909 abesse
674 1866 756 1910 mea.

148 1933 241 1994 immo
264 1937 327 2015 ita,
350 1937 376 1994 si
399 1936 503 2014 scitis,
527 1937 552 1996 si
575 1953 622 1995 mo
645 1954 729 1997 meus
753 1935 874 1996 abstulit
897 1953 1000 2015 error,

89 2032 136 2082 100
151 2021 304 2101 Stultaquo
328 2040 412 2082 mens
434 2022 542 2103 nobis,
565 2041 625 2084 non
649 2024 791 2084 scelerata
814 2025 891 2084 luit:

148 2093 236 2180 buon
259 2108 330 2170 lioet
352 2119 383 2170 et
405 2113 556 2191 minimis,
579 2111 729 2173 demulsi
752 2113 876 2172 lavimus
899 2111 955 2192 illi,

151 2197 182 2258 Si
205 2200 277 2259 satis
300 2200 425 2277 Augusti
448 2199 565 2278 publiea
587 2202 668 2261 iussa
691 2199 781 2260 mibi:

149 2284 212 2347 lioo
235 2286 311 2347 duee
335 2289 361 2346 si
383 2287 443 2347 dini
466 2288 561 2347 ielieia
585 2288 723 2367 saecula,
745 2306 860 2367 proque

151 2373 275 2435 Caesare
298 2383 365 2435 tura
387 2377 444 2454 piis
468 2374 701 2454 Caesaribusque
725 2374 809 2436 dedi:

94 2470 136 2520 100
151 2461 183 2522 Si
205 2464 263 2523 luit
285 2461 334 2523 bie
357 2465 472 2524 animus
496 2463 603 2542 nobis,
625 2464 666 2522 ita
687 2464 800 2540 parcite
824 2459 901 2521 divit

151 2549 181 2610 Si
204 2552 304 2611 minus
316 2597 325 2631 ,
348 2551 405 2611 alta
428 2551 536 2611 cadens
559 2550 665 2610 obruat
686 2549 765 2609 unda
789 2545 893 2626 caput!

150 2638 246 2698 Fallor
258 2684 267 2718 ,
291 2656 328 2699 an
351 2640 497 2718 incipiunt
520 2638 655 2716 gravidae
678 2654 837 2697 vanescere
861 2634 974 2717 nubes,

151 2724 291 2805 Victaque
315 2729 420 2787 mutati
442 2727 588 2806 frangitur
610 2726 690 2786 unda
713 2722 828 2786 maris?

149 2811 213 2873 Non
237 2813 330 2875 oasul
362 2832 415 2874 vos
439 2814 490 2874 sed
515 2814 570 2874 sub
594 2815 903 2895 condicionesvooati,

97 2907 137 2960 110
150 2899 263 2963 Fallere
287 2920 361 2981 quos
384 2920 444 2962 non
468 2909 535 2982 est,
558 2901 634 2963 banc
657 2902 729 2964 mihi
752 2902 836 2964 sertis
860 2920 955 2982 opem.

420 3093 594 3169 ⁴111

151 3247 224 3310 Caum
248 3251 329 3312 subit
351 3251 430 3314 illius
453 3254 623 3314 tristissima
647 3255 743 3314 noetis
766 3255 876 3330 imago,

152 3335 214 3407 Qua
237 3340 310 3399 mihi
334 3358 506 3420 supremum
528 3349 646 3420 tempus
669 3343 700 3399 in
723 3339 802 3399 Urbe
825 3338 899 3418 suit,

152 3422 224 3485 Cum
248 3437 351 3506 repeto
374 3437 515 3507 noctem,
539 3447 597 3506 qua
620 3436 664 3488 tot
686 3427 759 3487 mihi
781 3444 848 3487 cara
871 3424 997 3504 reliqui,

153 3509 275 3575 labitur
299 3533 335 3575 ex
358 3515 451 3576 oeulis
474 3533 554 3575 nuno
578 3532 696 3594 000000
720 3521 801 3593 gutta
825 3516 916 3576 mois.
