2386 3892
89 178 152 243 116
191 265 193 270 .
536 180 647 230 110010

176 343 234 404 hut
257 351 287 403 te
310 342 451 403 devoveat
474 344 564 403 certis
587 341 702 403 Abdera
726 341 849 422 diebus,

221 430 354 509 Saxaque
377 430 516 492 devotum
539 430 681 508 grandine
704 430 789 509 plura
812 437 931 508 petant.

176 519 235 579 Aut
257 519 334 579 lovis
357 519 459 579 inlesti
481 518 540 578 telo
564 519 671 578 feriare
694 517 838 599 trisulco,

109 618 161 668 410
220 606 259 668 Ut
281 615 362 667 satus
385 605 562 686 Hipponoo,
585 605 790 684 Dexionesque
813 612 914 684 pater,

177 694 216 754 Ut
238 713 324 754 soror
345 695 519 774 Autonoes,
542 702 576 755 ut
599 696 648 754 cui
670 701 829 754 matertera
852 693 944 774 Maia,

219 781 259 844 Ut
281 790 392 843 temere
416 790 531 862 optatos
555 784 607 860 qui
628 781 704 842 male
727 783 804 841 rexit
827 798 939 861 equos;

176 869 215 930 Ut
237 871 319 931 ierus
341 870 499 951 Aeolides,
521 877 555 930 ut
578 871 721 948 sanguine
744 886 833 929 00100
856 869 978 949 eodem,

110 969 163 1019 414
222 958 286 1028 Quo
310 960 408 1035 genita
432 965 477 1018 est
499 957 618 1035 quuidis
643 975 717 1036 quae
741 964 822 1018 caret
845 955 950 1017 Arctos
975 959 1050 1036 aquit

113 1079 150 1088 —
177 1046 215 1106 Ut
233 1045 344 1106 Macelo
364 1045 474 1124 rapidis
492 1047 550 1106 icta
569 1053 615 1106 est
633 1063 701 1106 cum
720 1047 846 1124 coniuge
865 1044 1007 1126 dammis,

222 1133 293 1214 Sic,
315 1152 444 1215 precor,
467 1133 591 1194 aetherii
613 1134 738 1194 vindicis
760 1135 829 1211 igue
853 1132 957 1193 cadas.

176 1221 348 1300 Praedaque
365 1224 412 1297 sis
434 1221 514 1302 illis,
538 1220 646 1300 quihus
669 1228 716 1281 est
738 1219 861 1281 Latonia
883 1218 971 1281 Delos

220 1311 296 1371 Ante
319 1309 398 1370 diem
420 1316 505 1389 r‘apto
528 1318 588 1369 no'n
611 1309 744 1370 adeunda
767 1308 882 1370 Thaso:

177 1397 294 1477 Quique
317 1397 502 1458 verecundae
525 1397 727 1477 speculantem
749 1395 831 1457 labra
853 1394 981 1477 Dianae,

111 1496 163 1546 480
223 1486 338 1563 Quique
363 1485 558 1565 Crotopiaden
581 1485 732 1564 diripuere
755 1482 882 1545 Linum.

177 1572 257 1634 Neve
280 1581 423 1633 venenato
445 1573 540 1633 levius
561 1573 678 1633 feriaris
702 1571 738 1632 ah
762 1590 873 1652 angue,

222 1660 317 1730 Quam
340 1662 420 1720 senis
444 1659 551 1738 Oeagri
573 1660 776 1740 Calliopesque
800 1677 913 1720 nurus:

179 1747 273 1817 Quam
291 1765 366 1826 puer
384 1746 577 1828 Hypsipyles,
601 1766 689 1826 quam
701 1750 763 1827 ‘qui
781 1765 851 1808 cava
871 1749 986 1826 primus
1010 1766 1050 1810 00

223 1834 350 1914 Cuspide
374 1838 507 1914 suspecti
529 1835 636 1896 robora
658 1837 722 1896 fixit
744 1837 831 1915 equi.

112 1934 163 1984 485
183 1922 261 1982 Neve
284 1923 393 2000 gradus
416 1923 502 1995 adeas
525 1923 672 2003 Elpenore
696 1925 811 1985 cautius
834 1922 926 2003 altos,

223 2009 348 2089 Vimque
371 2011 448 2070 10100
471 2013 532 2070 1101
555 2029 613 2089 quo
637 2011 705 2072 tulit
726 2011 775 2072 ille
798 2011 904 2072 modo.

178 2098 309 2177 Tamque
338 2098 424 2158 cadas
452 2098 604 2179 domitus,
632 2116 719 2178 quam
747 2101 882 2177 quisquis
912 2099 948 2158 ad
971 2117 1050 2160 arma

727 2195 884 2247 vocantem

223 2274 300 2334 luvit
320 2273 515 2335 inhumanum
538 2274 748 2335 Thiodamanta
771 2273 905 2354 Dryops:

181 2359 289 2442 [Quam
312 2362 394 2423 ierus
407 2364 481 2442 'ipse
505 2381 558 2424 000
582 2364 672 2441 periit
693 2370 838 2423 mactatus
861 2365 892 2422 in
915 2368 999 2422 antro

113 2461 165 2512 400
223 2449 362 2512 Proditus
385 2450 517 2512 inclusae
541 2450 635 2511 Cacus
658 2449 694 2511 ab
717 2468 770 2511 ore
792 2448 907 2526 borist]

180 2538 273 2608 Quam
297 2541 349 2617 qui
371 2538 448 2599 dona
470 2538 539 2599 tulit
560 2537 671 2598 Nesseo
694 2541 787 2600 tincta
809 2554 941 2619 veneno,

222 2625 429 2704 Euboicasque
453 2644 507 2686 suo
530 2628 648 2687 nomine
672 2628 766 2705 saepit
788 2643 896 2705 aquas.
919 2642 921 2648 ·
977 2629 980 2634 ’

178 2712 240 2772 Nec
263 2713 478 2792 depraecipiti
499 2716 598 2775 venias
621 2717 652 2773 in
675 2714 798 2774 Tartara
820 2731 908 2793 saxo,

222 2798 261 2860 Ut
284 2803 335 2878 qui
359 2800 541 2862 Socraticum
565 2801 602 2862 de
625 2819 697 2863 nece
720 2802 793 2881 legit
814 2819 910 2881 opus;

113 2886 218 2948 400111
242 2889 293 2966 qui
317 2887 449 2948 Theseae
472 2888 583 2949 fallacia
605 2889 669 2950 vela
691 2892 808 2951 carinae

223 2974 323 3056 Vidit,
347 2983 381 3035 ut
402 2975 489 3036 111000
512 2979 620 3038 1010000
642 2977 679 3038 ah
701 2970 770 3039 arce
792 2995 886 3056 puer,

178 3060 217 3126 Ut
239 3065 337 3124 teneri
359 3066 481 3144 nutrix,
505 3064 607 3126 eadem
630 3073 811 3146 matertera,
834 3063 958 3143 Bacchi,

223 3151 262 3214 Ut
285 3153 334 3212 001
356 3169 444 3213 causa
467 3154 549 3214 necis
573 3171 656 3214 serra
678 3163 797 3232 reperta
820 3153 893 3234 luit3

115 3271 153 3282 -
180 3239 269 3320 Lydia
293 3258 324 3300 se
348 3239 477 3319 scopulis
501 3246 535 3300 ut
557 3243 639 3320 virgo
662 3243 743 3304 misit
765 3241 801 3301 ab
825 3241 910 3323 altis,

114 3337 165 3388 000
224 3326 345 3388 Dixerat
367 3331 458 3389 invito
483 3346 558 3407 quae
580 3329 656 3389 mela
678 3327 768 3390 verba
790 3328 867 3391 deo.

178 3414 248 3475 Feta
272 3414 326 3475 tihi
349 3424 486 3476 occurrat
508 3418 604 3495 patrio
626 3416 777 3497 popularis
799 3419 829 3478 in
854 3435 940 3495 arvo,

224 3500 327 3580 Sitque
350 3502 527 3565 Phalaeceae
551 3523 639 3565 causa
660 3504 762 3566 leaena
784 3507 884 3568 necis.
