<?xml version="1.0" encoding="UTF-8"?>
<!DOCTYPE html PUBLIC "-//W3C//DTD XHTML 1.0 Transitional//EN"
    "http://www.w3.org/TR/xhtml1/DTD/xhtml1-transitional.dtd">
<html xmlns="http://www.w3.org/1999/xhtml" xml:lang="en" lang="en">
 <head>
  <title>
</title>
<meta http-equiv="Content-Type" content="text/html;charset=utf-8" />
  <meta name='ocr-system' content='tesseract 3.04.00' />
  <meta name='ocr-capabilities' content='ocr_page ocr_carea ocr_par ocr_line ocrx_word'/>
</head>
<body>
  <div class='ocr_page' id='page_1' title='image "./ovidiusexiterat00ovidgoog_0075.png"; bbox 0 0 2386 3892; ppageno 0'>
   <div class='ocr_carea' id='block_1_1' title="bbox 92 169 677 233">
    <p class='ocr_par' dir='ltr' id='par_1_1' title="bbox 92 169 677 233">
     <span class='ocr_line' id='line_1_1' title="bbox 92 169 677 233; baseline 0.002 -14"><span class='ocrx_word' id='word_1_1' title='bbox 92 169 135 233; x_wconf 85' lang='lat'><strong>24</strong></span> <span class='ocrx_word' id='word_1_2' title='bbox 506 169 677 220; x_wconf 81' lang='lat' dir='ltr'><strong>rsrsrmu</strong></span> 
     </span>
    </p>
   </div>
   <div class='ocr_carea' id='block_1_2' title="bbox 132 324 1042 1902">
    <p class='ocr_par' dir='ltr' id='par_1_2' title="bbox 132 324 1042 1902">
     <span class='ocr_line' id='line_1_2' title="bbox 181 324 1042 413; baseline -0.002 -18"><span class='ocrx_word' id='word_1_3' title='bbox 181 324 298 413; x_wconf 85' lang='lat' dir='ltr'><strong>Inspice</strong></span> <span class='ocrx_word' id='word_1_4' title='bbox 321 334 415 393; x_wconf 92' lang='lat' dir='ltr'><strong>maius</strong></span> <span class='ocrx_word' id='word_1_5' title='bbox 438 350 535 413; x_wconf 92' lang='lat' dir='ltr'><strong>opus,</strong></span> <span class='ocrx_word' id='word_1_6' title='bbox 563 331 641 410; x_wconf 89' lang='lat' dir='ltr'><strong>quod</strong></span> <span class='ocrx_word' id='word_1_7' title='bbox 670 330 765 393; x_wconf 91' lang='lat' dir='ltr'><strong>adbuc</strong></span> <span class='ocrx_word' id='word_1_8' title='bbox 793 333 856 392; x_wconf 86' lang='lat' dir='ltr'><strong>sine</strong></span> <span class='ocrx_word' id='word_1_9' title='bbox 880 332 938 393; x_wconf 91' lang='lat' dir='ltr'><strong>line</strong></span> <span class='ocrx_word' id='word_1_10' title='bbox 961 339 1042 394; x_wconf 91' lang='lat' dir='ltr'><strong>tenet</strong></span> 
     </span>
     <span class='ocr_line' id='line_1_3' title="bbox 181 418 886 498; baseline -0.001 -16"><span class='ocrx_word' id='word_1_11' title='bbox 181 423 214 482; x_wconf 91' lang='lat' dir='ltr'><strong>ln</strong></span> <span class='ocrx_word' id='word_1_12' title='bbox 239 438 299 481; x_wconf 90' lang='lat' dir='ltr'><strong>non</strong></span> <span class='ocrx_word' id='word_1_13' title='bbox 323 420 487 481; x_wconf 88' lang='lat' dir='ltr'><strong>credendos</strong></span> <span class='ocrx_word' id='word_1_14' title='bbox 511 437 635 498; x_wconf 90' lang='lat' dir='ltr'><strong>corpora</strong></span> <span class='ocrx_word' id='word_1_15' title='bbox 657 437 742 479; x_wconf 84' lang='lat' dir='ltr'><strong>versa</strong></span> <span class='ocrx_word' id='word_1_16' title='bbox 766 418 886 481; x_wconf 88' lang='lat' dir='ltr'><strong>modos:</strong></span> 
     </span>
     <span class='ocr_line' id='line_1_4' title="bbox 132 507 860 586; baseline -0.003 -16"><span class='ocrx_word' id='word_1_17' title='bbox 132 520 165 570; x_wconf 78' lang='lat'><strong>65</strong></span> <span class='ocrx_word' id='word_1_18' title='bbox 180 509 316 569; x_wconf 81' lang='lat' dir='ltr'>Invenies</span> <span class='ocrx_word' id='word_1_19' title='bbox 339 510 431 568; x_wconf 91' lang='lat' dir='ltr'><strong>vestri</strong></span> <span class='ocrx_word' id='word_1_20' title='bbox 453 509 610 586; x_wconf 90' lang='lat' dir='ltr'><strong>praeconia</strong></span> <span class='ocrx_word' id='word_1_21' title='bbox 633 509 760 568; x_wconf 91' lang='lat' dir='ltr'><strong>nominis</strong></span> <span class='ocrx_word' id='word_1_22' title='bbox 782 507 860 586; x_wconf 87' lang='lat' dir='ltr'><strong>illic,</strong></span> 
     </span>
     <span class='ocr_line' id='line_1_5' title="bbox 181 595 787 674; baseline -0.002 -18"><span class='ocrx_word' id='word_1_23' title='bbox 181 596 316 657; x_wconf 84' lang='lat' dir='ltr'><strong>Invenies</strong></span> <span class='ocrx_word' id='word_1_24' title='bbox 339 597 428 656; x_wconf 90' lang='lat' dir='ltr'><strong>animi</strong></span> <span class='ocrx_word' id='word_1_25' title='bbox 452 597 575 674; x_wconf 80' lang='lat' dir='ltr'><strong>pignora</strong></span> <span class='ocrx_word' id='word_1_26' title='bbox 598 595 689 656; x_wconf 89' lang='lat' dir='ltr'><strong>multa</strong></span> <span class='ocrx_word' id='word_1_27' title='bbox 712 596 787 655; x_wconf 92' lang='lat' dir='ltr'><strong>mei.</strong></span> 
     </span>
     <span class='ocr_line' id='line_1_6' title="bbox 179 682 1011 766; baseline 0.001 -22"><span class='ocrx_word' id='word_1_28' title='bbox 179 684 246 745; x_wconf 89' lang='lat' dir='ltr'><strong>Non</strong></span> <span class='ocrx_word' id='word_1_29' title='bbox 269 693 319 745; x_wconf 90' lang='lat' dir='ltr'><strong>tua</strong></span> <span class='ocrx_word' id='word_1_30' title='bbox 342 682 522 744; x_wconf 81' lang='lat' dir='ltr'><strong>carminibus</strong></span> <span class='ocrx_word' id='word_1_31' title='bbox 545 685 639 744; x_wconf 90' lang='lat' dir='ltr'><strong>maior</strong></span> <span class='ocrx_word' id='word_1_32' title='bbox 661 683 695 742; x_wconf 90' lang='lat' dir='ltr'><strong>lit</strong></span> <span class='ocrx_word' id='word_1_33' title='bbox 717 682 831 763; x_wconf 84' lang='lat' dir='ltr'><strong>gloria,</strong></span> <span class='ocrx_word' id='word_1_34' title='bbox 854 700 910 744; x_wconf 91' lang='lat' dir='ltr'><strong>nec</strong></span> <span class='ocrx_word' id='word_1_35' title='bbox 934 701 1011 766; x_wconf 90' lang='lat' dir='ltr'><strong>quo,</strong></span> 
     </span>
     <span class='ocr_line' id='line_1_7' title="bbox 180 769 853 851; baseline -0.001 -19"><span class='ocrx_word' id='word_1_36' title='bbox 180 770 219 832; x_wconf 93' lang='lat' dir='ltr'><strong>Ut</strong></span> <span class='ocrx_word' id='word_1_37' title='bbox 241 774 334 832; x_wconf 91' lang='lat' dir='ltr'><strong>maior</strong></span> <span class='ocrx_word' id='word_1_38' title='bbox 357 773 407 832; x_wconf 88' lang='lat' dir='ltr'><strong>liat</strong></span> <span class='ocrx_word' id='word_1_39' title='bbox 419 818 428 851; x_wconf 96' lang='lat'><strong>,</strong></span> <span class='ocrx_word' id='word_1_40' title='bbox 452 788 588 832; x_wconf 91' lang='lat' dir='ltr'><strong>crescere</strong></span> <span class='ocrx_word' id='word_1_41' title='bbox 610 772 725 851; x_wconf 87' lang='lat' dir='ltr'><strong>possit,</strong></span> <span class='ocrx_word' id='word_1_42' title='bbox 748 769 853 831; x_wconf 90' lang='lat' dir='ltr'><strong>babet.</strong></span> 
     </span>
     <span class='ocr_line' id='line_1_8' title="bbox 179 857 1042 938; baseline 0 -19"><span class='ocrx_word' id='word_1_43' title='bbox 179 860 268 920; x_wconf 85' lang='lat' dir='ltr'>Fama</span> <span class='ocrx_word' id='word_1_44' title='bbox 292 859 353 920; x_wconf 88' lang='lat' dir='ltr'><strong>lovi</strong></span> <span class='ocrx_word' id='word_1_45' title='bbox 376 867 535 938; x_wconf 90' lang='lat' dir='ltr'><strong>superest:</strong></span> <span class='ocrx_word' id='word_1_46' title='bbox 572 865 670 919; x_wconf 90' lang='lat' dir='ltr'><strong>tamen</strong></span> <span class='ocrx_word' id='word_1_47' title='bbox 693 857 772 919; x_wconf 91' lang='lat' dir='ltr'><strong>bunc</strong></span> <span class='ocrx_word' id='word_1_48' title='bbox 795 874 849 919; x_wconf 93' lang='lat' dir='ltr'><strong>sua</strong></span> <span class='ocrx_word' id='word_1_49' title='bbox 869 858 945 919; x_wconf 88' lang='lat' dir='ltr'><strong>lacta</strong></span> <span class='ocrx_word' id='word_1_50' title='bbox 969 859 1042 919; x_wconf 90' lang='lat' dir='ltr'><strong>reler</strong></span> 
     </span>
     <span class='ocr_line' id='line_1_9' title="bbox 133 946 820 1025; baseline -0.003 -17"><span class='ocrx_word' id='word_1_51' title='bbox 133 958 166 1008; x_wconf 78' lang='lat'><strong>⁷0</strong></span> <span class='ocrx_word' id='word_1_52' title='bbox 181 946 219 1008; x_wconf 88' lang='lat' dir='ltr'><strong>Et</strong></span> <span class='ocrx_word' id='word_1_53' title='bbox 242 965 273 1008; x_wconf 88' lang='lat' dir='ltr'><strong>se</strong></span> <span class='ocrx_word' id='word_1_54' title='bbox 297 948 450 1008; x_wconf 81' lang='lat' dir='ltr'><strong>materiam</strong></span> <span class='ocrx_word' id='word_1_55' title='bbox 473 947 611 1006; x_wconf 90' lang='lat' dir='ltr'><strong>carminis</strong></span> <span class='ocrx_word' id='word_1_56' title='bbox 635 963 700 1006; x_wconf 90' lang='lat' dir='ltr'><strong>esse</strong></span> <span class='ocrx_word' id='word_1_57' title='bbox 723 948 820 1025; x_wconf 87' lang='lat' dir='ltr'><strong>iurat,</strong></span> 
     </span>
     <span class='ocr_line' id='line_1_10' title="bbox 181 1031 939 1114; baseline -0.003 -19"><span class='ocrx_word' id='word_1_58' title='bbox 181 1034 314 1112; x_wconf 86' lang='lat' dir='ltr'><strong>Cumque</strong></span> <span class='ocrx_word' id='word_1_59' title='bbox 338 1033 473 1112; x_wconf 79' lang='lat' dir='ltr'><strong>Gigantei</strong></span> <span class='ocrx_word' id='word_1_60' title='bbox 495 1041 696 1094; x_wconf 82' lang='lat' dir='ltr'><strong>memorantur</strong></span> <span class='ocrx_word' id='word_1_61' title='bbox 718 1032 830 1113; x_wconf 94' lang='lat' dir='ltr'><strong>proelia</strong></span> <span class='ocrx_word' id='word_1_62' title='bbox 852 1031 939 1114; x_wconf 92' lang='lat' dir='ltr'><strong>belli,</strong></span> 
     </span>
     <span class='ocr_line' id='line_1_11' title="bbox 182 1120 881 1182; baseline -0.003 0"><span class='ocrx_word' id='word_1_63' title='bbox 182 1120 328 1182; x_wconf 85' lang='lat' dir='ltr'><strong>Credibile</strong></span> <span class='ocrx_word' id='word_1_64' title='bbox 352 1128 398 1181; x_wconf 88' lang='lat' dir='ltr'><strong>est</strong></span> <span class='ocrx_word' id='word_1_65' title='bbox 421 1121 529 1182; x_wconf 91' lang='lat' dir='ltr'><strong>laetum</strong></span> <span class='ocrx_word' id='word_1_66' title='bbox 552 1120 688 1181; x_wconf 89' lang='lat' dir='ltr'><strong>laudibus</strong></span> <span class='ocrx_word' id='word_1_67' title='bbox 712 1138 777 1182; x_wconf 88' lang='lat' dir='ltr'><strong>esse</strong></span> <span class='ocrx_word' id='word_1_68' title='bbox 801 1122 881 1181; x_wconf 78' lang='lat' dir='ltr'><strong>scic.</strong></span> 
     </span>
     <span class='ocr_line' id='line_1_12' title="bbox 182 1207 958 1289; baseline -0.001 -20"><span class='ocrx_word' id='word_1_69' title='bbox 182 1210 224 1269; x_wconf 88' lang='lat' dir='ltr'><strong>Te</strong></span> <span class='ocrx_word' id='word_1_70' title='bbox 249 1207 399 1270; x_wconf 91' lang='lat' dir='ltr'><strong>celebrant</strong></span> <span class='ocrx_word' id='word_1_71' title='bbox 422 1208 470 1269; x_wconf 92' lang='lat' dir='ltr'><strong>alii</strong></span> <span class='ocrx_word' id='word_1_72' title='bbox 493 1216 602 1288; x_wconf 90' lang='lat' dir='ltr'><strong>quanto</strong></span> <span class='ocrx_word' id='word_1_73' title='bbox 626 1209 711 1269; x_wconf 91' lang='lat' dir='ltr'><strong>decet</strong></span> <span class='ocrx_word' id='word_1_74' title='bbox 734 1227 809 1289; x_wconf 91' lang='lat' dir='ltr'><strong>ore,</strong></span> <span class='ocrx_word' id='word_1_75' title='bbox 832 1216 958 1287; x_wconf 90' lang='lat' dir='ltr'><strong>tuasque</strong></span> 
     </span>
     <span class='ocr_line' id='line_1_13' title="bbox 180 1295 737 1376; baseline 0 -20"><span class='ocrx_word' id='word_1_76' title='bbox 180 1298 301 1376; x_wconf 79' lang='lat' dir='ltr'><strong>lngenio</strong></span> <span class='ocrx_word' id='word_1_77' title='bbox 323 1296 425 1357; x_wconf 92' lang='lat' dir='ltr'><strong>laudes</strong></span> <span class='ocrx_word' id='word_1_78' title='bbox 448 1295 587 1358; x_wconf 87' lang='lat' dir='ltr'><strong>uberiore</strong></span> <span class='ocrx_word' id='word_1_79' title='bbox 611 1305 737 1357; x_wconf 92' lang='lat' dir='ltr'><strong>canunt.</strong></span> 
     </span>
     <span class='ocr_line' id='line_1_14' title="bbox 133 1384 1035 1465; baseline -0.002 -19"><span class='ocrx_word' id='word_1_80' title='bbox 133 1396 166 1446; x_wconf 76' lang='lat'><strong>⁷5</strong></span> <span class='ocrx_word' id='word_1_81' title='bbox 182 1384 240 1446; x_wconf 88' lang='lat' dir='ltr'><strong>Sed</strong></span> <span class='ocrx_word' id='word_1_82' title='bbox 263 1393 384 1465; x_wconf 90' lang='lat' dir='ltr'><strong>tamen,</strong></span> <span class='ocrx_word' id='word_1_83' title='bbox 405 1393 441 1445; x_wconf 88' lang='lat' dir='ltr'><strong>ut</strong></span> <span class='ocrx_word' id='word_1_84' title='bbox 463 1385 529 1445; x_wconf 89' lang='lat' dir='ltr'><strong>luso</strong></span> <span class='ocrx_word' id='word_1_85' title='bbox 552 1393 707 1446; x_wconf 88' lang='lat' dir='ltr'><strong>taurorum</strong></span> <span class='ocrx_word' id='word_1_86' title='bbox 730 1385 872 1462; x_wconf 82' lang='lat' dir='ltr'><strong>sanguine</strong></span> <span class='ocrx_word' id='word_1_87' title='bbox 897 1391 1035 1464; x_wconf 89' lang='lat' dir='ltr'><strong>centum,</strong></span> 
     </span>
     <span class='ocr_line' id='line_1_15' title="bbox 182 1472 864 1552; baseline 0 -20"><span class='ocrx_word' id='word_1_88' title='bbox 182 1473 230 1534; x_wconf 88' lang='lat' dir='ltr'><strong>Sic</strong></span> <span class='ocrx_word' id='word_1_89' title='bbox 254 1477 370 1552; x_wconf 88' lang='lat' dir='ltr'><strong>capitur</strong></span> <span class='ocrx_word' id='word_1_90' title='bbox 393 1474 514 1533; x_wconf 91' lang='lat' dir='ltr'><strong>minimo</strong></span> <span class='ocrx_word' id='word_1_91' title='bbox 538 1475 613 1533; x_wconf 73' lang='lat' dir='ltr'><strong>turris</strong></span> <span class='ocrx_word' id='word_1_92' title='bbox 636 1472 749 1532; x_wconf 91' lang='lat' dir='ltr'><strong>honore</strong></span> <span class='ocrx_word' id='word_1_93' title='bbox 773 1472 864 1532; x_wconf 83' lang='lat' dir='ltr'><strong>deus.</strong></span> 
     </span>
     <span class='ocr_line' id='line_1_16' title="bbox 180 1558 964 1639; baseline 0 -19"><span class='ocrx_word' id='word_1_94' title='bbox 180 1559 225 1621; x_wconf 81' lang='lat' dir='ltr'><strong>A!</strong></span> <span class='ocrx_word' id='word_1_95' title='bbox 248 1562 331 1621; x_wconf 88' lang='lat' dir='ltr'><strong>ierus</strong></span> <span class='ocrx_word' id='word_1_96' title='bbox 355 1567 385 1620; x_wconf 91' lang='lat' dir='ltr'><strong>et</strong></span> <span class='ocrx_word' id='word_1_97' title='bbox 407 1559 493 1619; x_wconf 92' lang='lat' dir='ltr'><strong>nobis</strong></span> <span class='ocrx_word' id='word_1_98' title='bbox 516 1558 665 1620; x_wconf 83' lang='lat' dir='ltr'><strong>crudelior</strong></span> <span class='ocrx_word' id='word_1_99' title='bbox 687 1559 825 1620; x_wconf 92' lang='lat' dir='ltr'><strong>omnibus</strong></span> <span class='ocrx_word' id='word_1_100' title='bbox 847 1559 964 1639; x_wconf 91' lang='lat' dir='ltr'><strong>bostis,</strong></span> 
     </span>
     <span class='ocr_line' id='line_1_17' title="bbox 181 1645 822 1726; baseline 0.002 -20"><span class='ocrx_word' id='word_1_101' title='bbox 181 1647 306 1707; x_wconf 85' lang='lat' dir='ltr'><strong>Delicias</strong></span> <span class='ocrx_word' id='word_1_102' title='bbox 328 1647 401 1725; x_wconf 84' lang='lat' dir='ltr'><strong>legit</strong></span> <span class='ocrx_word' id='word_1_103' title='bbox 423 1649 475 1725; x_wconf 90' lang='lat' dir='ltr'><strong>qui</strong></span> <span class='ocrx_word' id='word_1_104' title='bbox 498 1646 553 1707; x_wconf 92' lang='lat' dir='ltr'><strong>tibi</strong></span> <span class='ocrx_word' id='word_1_105' title='bbox 575 1665 702 1726; x_wconf 90' lang='lat' dir='ltr'><strong>cumque</strong></span> <span class='ocrx_word' id='word_1_106' title='bbox 725 1645 822 1708; x_wconf 87' lang='lat' dir='ltr'><strong>meas!</strong></span> 
     </span>
     <span class='ocr_line' id='line_1_18' title="bbox 182 1734 989 1814; baseline 0.001 -20"><span class='ocrx_word' id='word_1_107' title='bbox 182 1734 318 1795; x_wconf 85' lang='lat' dir='ltr'><strong>Carmina</strong></span> <span class='ocrx_word' id='word_1_108' title='bbox 340 1752 409 1794; x_wconf 90' lang='lat' dir='ltr'><strong>nam</strong></span> <span class='ocrx_word' id='word_1_109' title='bbox 431 1737 542 1795; x_wconf 90' lang='lat' dir='ltr'><strong>nostris</strong></span> <span class='ocrx_word' id='word_1_110' title='bbox 566 1743 638 1814; x_wconf 88' lang='lat' dir='ltr'><strong>quot</strong></span> <span class='ocrx_word' id='word_1_111' title='bbox 660 1743 690 1795; x_wconf 92' lang='lat' dir='ltr'><strong>te</strong></span> <span class='ocrx_word' id='word_1_112' title='bbox 713 1737 882 1796; x_wconf 89' lang='lat' dir='ltr'><strong>venerantia</strong></span> <span class='ocrx_word' id='word_1_113' title='bbox 905 1734 989 1796; x_wconf 92' lang='lat' dir='ltr'><strong>libris</strong></span> 
     </span>
     <span class='ocr_line' id='line_1_19' title="bbox 132 1821 719 1902; baseline 0.003 -20"><span class='ocrx_word' id='word_1_114' title='bbox 132 1833 166 1882; x_wconf 81' lang='lat'><strong>80</strong></span> <span class='ocrx_word' id='word_1_115' title='bbox 179 1821 292 1882; x_wconf 92' lang='lat' dir='ltr'><strong>lndicio</strong></span> <span class='ocrx_word' id='word_1_116' title='bbox 315 1824 431 1900; x_wconf 91' lang='lat' dir='ltr'><strong>possint</strong></span> <span class='ocrx_word' id='word_1_117' title='bbox 454 1822 622 1883; x_wconf 88' lang='lat' dir='ltr'><strong>candidiore</strong></span> <span class='ocrx_word' id='word_1_118' title='bbox 645 1822 719 1902; x_wconf 78' lang='lat' dir='ltr'><strong>legi!</strong></span> 
     </span>
    </p>
   </div>
   <div class='ocr_carea' id='block_1_3' title="bbox 133 1907 1042 2516">
    <p class='ocr_par' dir='ltr' id='par_1_3' title="bbox 133 1907 1042 2516">
     <span class='ocr_line' id='line_1_20' title="bbox 182 1907 952 1991; baseline 0.001 -21"><span class='ocrx_word' id='word_1_119' title='bbox 182 1909 255 1970; x_wconf 88' lang='lat' dir='ltr'><strong>Esse</strong></span> <span class='ocrx_word' id='word_1_120' title='bbox 279 1910 330 1970; x_wconf 91' lang='lat' dir='ltr'><strong>sed</strong></span> <span class='ocrx_word' id='word_1_121' title='bbox 354 1912 428 1971; x_wconf 90' lang='lat' dir='ltr'><strong>irato</strong></span> <span class='ocrx_word' id='word_1_122' title='bbox 452 1912 571 1988; x_wconf 89' lang='lat' dir='ltr'><strong>quista</strong></span> <span class='ocrx_word' id='word_1_123' title='bbox 596 1911 667 1970; x_wconf 89' lang='lat' dir='ltr'><strong>mibi</strong></span> <span class='ocrx_word' id='word_1_124' title='bbox 689 1917 791 1991; x_wconf 88' lang='lat' dir='ltr'><strong>posset</strong></span> <span class='ocrx_word' id='word_1_125' title='bbox 814 1907 952 1971; x_wconf 79' lang='lat' dir='ltr'><strong>amicus?</strong></span> 
     </span>
     <span class='ocr_line' id='line_1_21' title="bbox 182 1996 876 2078; baseline 0.004 -23"><span class='ocrx_word' id='word_1_126' title='bbox 182 1996 236 2057; x_wconf 84' lang='lat' dir='ltr'><strong>Vix</strong></span> <span class='ocrx_word' id='word_1_127' title='bbox 258 2005 330 2058; x_wconf 90' lang='lat' dir='ltr'><strong>tuuc</strong></span> <span class='ocrx_word' id='word_1_128' title='bbox 353 2000 416 2078; x_wconf 92' lang='lat' dir='ltr'><strong>ipse</strong></span> <span class='ocrx_word' id='word_1_129' title='bbox 439 1998 513 2058; x_wconf 92' lang='lat' dir='ltr'><strong>mihi</strong></span> <span class='ocrx_word' id='word_1_130' title='bbox 535 2017 594 2059; x_wconf 91' lang='lat' dir='ltr'><strong>non</strong></span> <span class='ocrx_word' id='word_1_131' title='bbox 617 2000 755 2060; x_wconf 92' lang='lat' dir='ltr'><strong>inimicus</strong></span> <span class='ocrx_word' id='word_1_132' title='bbox 778 2016 876 2059; x_wconf 87' lang='lat' dir='ltr'><strong>eram.</strong></span> 
     </span>
     <span class='ocr_line' id='line_1_22' title="bbox 182 2085 988 2167; baseline 0 -21"><span class='ocrx_word' id='word_1_133' title='bbox 182 2085 255 2146; x_wconf 92' lang='lat' dir='ltr'><strong>Cum</strong></span> <span class='ocrx_word' id='word_1_134' title='bbox 279 2087 377 2164; x_wconf 86' lang='lat' dir='ltr'><strong>coepit</strong></span> <span class='ocrx_word' id='word_1_135' title='bbox 399 2093 536 2164; x_wconf 87' lang='lat' dir='ltr'><strong>quassata</strong></span> <span class='ocrx_word' id='word_1_136' title='bbox 560 2085 665 2146; x_wconf 92' lang='lat' dir='ltr'><strong>domus</strong></span> <span class='ocrx_word' id='word_1_137' title='bbox 689 2086 865 2167; x_wconf 85' lang='lat' dir='ltr'><strong>subsidere,</strong></span> <span class='ocrx_word' id='word_1_138' title='bbox 888 2094 988 2165; x_wconf 91' lang='lat' dir='ltr'><strong>partes</strong></span> 
     </span>
     <span class='ocr_line' id='line_1_23' title="bbox 180 2171 813 2254; baseline 0.005 -23"><span class='ocrx_word' id='word_1_139' title='bbox 180 2171 215 2234; x_wconf 96' lang='lat' dir='ltr'><strong>ln</strong></span> <span class='ocrx_word' id='word_1_140' title='bbox 237 2172 416 2252; x_wconf 90' lang='lat' dir='ltr'><strong>proclinatas</strong></span> <span class='ocrx_word' id='word_1_141' title='bbox 439 2191 526 2234; x_wconf 91' lang='lat' dir='ltr'><strong>omne</strong></span> <span class='ocrx_word' id='word_1_142' title='bbox 550 2173 697 2235; x_wconf 88' lang='lat' dir='ltr'><strong>recumbit</strong></span> <span class='ocrx_word' id='word_1_143' title='bbox 720 2193 813 2254; x_wconf 91' lang='lat' dir='ltr'><strong>onus,</strong></span> 
     </span>
     <span class='ocr_line' id='line_1_24' title="bbox 133 2260 968 2339; baseline 0.004 -19"><span class='ocrx_word' id='word_1_144' title='bbox 133 2271 166 2321; x_wconf 80' lang='lat'><strong>85</strong></span> <span class='ocrx_word' id='word_1_145' title='bbox 182 2260 354 2339; x_wconf 90' lang='lat' dir='ltr'><strong>Cunctaque</strong></span> <span class='ocrx_word' id='word_1_146' title='bbox 377 2262 496 2322; x_wconf 91' lang='lat' dir='ltr'><strong>lortuna</strong></span> <span class='ocrx_word' id='word_1_147' title='bbox 517 2264 621 2322; x_wconf 88' lang='lat' dir='ltr'><strong>rimam</strong></span> <span class='ocrx_word' id='word_1_148' title='bbox 645 2261 771 2322; x_wconf 87' lang='lat' dir='ltr'><strong>iaciente</strong></span> <span class='ocrx_word' id='word_1_149' title='bbox 794 2261 968 2323; x_wconf 90' lang='lat' dir='ltr'><strong>debiscunt.</strong></span> 
     </span>
     <span class='ocr_line' id='line_1_25' title="bbox 181 2344 926 2428; baseline 0.003 -20"><span class='ocrx_word' id='word_1_150' title='bbox 181 2344 205 2426; x_wconf 87' lang='lat'>†</span> <span class='ocrx_word' id='word_1_151' title='bbox 228 2348 294 2428; x_wconf 88' lang='lat' dir='ltr'><strong>lpse</strong></span> <span class='ocrx_word' id='word_1_152' title='bbox 318 2366 372 2408; x_wconf 90' lang='lat' dir='ltr'><strong>suo</strong></span> <span class='ocrx_word' id='word_1_153' title='bbox 396 2349 523 2427; x_wconf 86' lang='lat' dir='ltr'><strong>quodam</strong></span> <span class='ocrx_word' id='word_1_154' title='bbox 546 2349 678 2428; x_wconf 93' lang='lat' dir='ltr'><strong>pondere</strong></span> <span class='ocrx_word' id='word_1_155' title='bbox 700 2357 794 2411; x_wconf 88' lang='lat' dir='ltr'><strong>tracta</strong></span> <span class='ocrx_word' id='word_1_156' title='bbox 817 2357 926 2410; x_wconf 85' lang='lat' dir='ltr'><strong>ruunt.</strong></span> 
     </span>
     <span class='ocr_line' id='line_1_26' title="bbox 181 2434 1042 2516; baseline -0.001 -20"><span class='ocrx_word' id='word_1_157' title='bbox 181 2434 259 2515; x_wconf 83' lang='lat' dir='ltr'><strong>Ergo</strong></span> <span class='ocrx_word' id='word_1_158' title='bbox 287 2436 441 2498; x_wconf 90' lang='lat' dir='ltr'><strong>hominum</strong></span> <span class='ocrx_word' id='word_1_159' title='bbox 469 2439 635 2516; x_wconf 89' lang='lat' dir='ltr'><strong>quaesitum</strong></span> <span class='ocrx_word' id='word_1_160' title='bbox 664 2436 765 2498; x_wconf 90' lang='lat' dir='ltr'><strong>odium</strong></span> <span class='ocrx_word' id='word_1_161' title='bbox 795 2437 867 2498; x_wconf 90' lang='lat' dir='ltr'><strong>mibi</strong></span> <span class='ocrx_word' id='word_1_162' title='bbox 894 2437 1042 2515; x_wconf 86' lang='lat' dir='ltr'><strong>carmine,</strong></span> 
     </span>
    </p>
   </div>
   <div class='ocr_carea' id='block_1_4' title="bbox 134 2542 1042 3551">
    <p class='ocr_par' dir='ltr' id='par_1_4' title="bbox 181 2542 1042 2779">
     <span class='ocr_line' id='line_1_27' title="bbox 606 2542 740 2604; baseline 0 -19"><span class='ocrx_word' id='word_1_163' title='bbox 606 2542 740 2604; x_wconf 89' lang='lat' dir='ltr'><strong>quosque</strong></span> 
     </span>
     <span class='ocr_line' id='line_1_28' title="bbox 181 2610 844 2692; baseline 0 -20"><span class='ocrx_word' id='word_1_164' title='bbox 181 2610 309 2692; x_wconf 87' lang='lat' dir='ltr'><strong>Debuit,</strong></span> <span class='ocrx_word' id='word_1_165' title='bbox 333 2621 380 2673; x_wconf 90' lang='lat' dir='ltr'><strong>est</strong></span> <span class='ocrx_word' id='word_1_166' title='bbox 401 2612 501 2674; x_wconf 85' lang='lat' dir='ltr'><strong>vultus</strong></span> <span class='ocrx_word' id='word_1_167' title='bbox 524 2611 611 2672; x_wconf 89' lang='lat' dir='ltr'><strong>turba</strong></span> <span class='ocrx_word' id='word_1_168' title='bbox 635 2620 736 2673; x_wconf 91' lang='lat' dir='ltr'><strong>secuta</strong></span> <span class='ocrx_word' id='word_1_169' title='bbox 759 2619 844 2673; x_wconf 89' lang='lat' dir='ltr'><strong>tuos.</strong></span> 
     </span>
     <span class='ocr_line' id='line_1_29' title="bbox 182 2696 1042 2779; baseline -0.001 -22"><span class='ocrx_word' id='word_1_170' title='bbox 182 2698 220 2758; x_wconf 78' lang='lat' dir='ltr'><strong>tt</strong></span> <span class='ocrx_word' id='word_1_171' title='bbox 232 2745 241 2778; x_wconf 95' lang='lat'><strong>,</strong></span> <span class='ocrx_word' id='word_1_172' title='bbox 265 2702 407 2779; x_wconf 90' lang='lat' dir='ltr'><strong>memini,</strong></span> <span class='ocrx_word' id='word_1_173' title='bbox 430 2702 578 2778; x_wconf 89' lang='lat' dir='ltr'><strong>vitamque</strong></span> <span class='ocrx_word' id='word_1_174' title='bbox 601 2718 696 2760; x_wconf 92' lang='lat' dir='ltr'><strong>meam</strong></span> <span class='ocrx_word' id='word_1_175' title='bbox 719 2717 877 2778; x_wconf 89' lang='lat' dir='ltr'><strong>moresque</strong></span> <span class='ocrx_word' id='word_1_176' title='bbox 899 2696 1042 2779; x_wconf 90' lang='lat' dir='ltr'><strong>probabas</strong></span> 
     </span>
    </p>

    <p class='ocr_par' dir='ltr' id='par_1_5' title="bbox 134 2784 966 3042">
     <span class='ocr_line' id='line_1_30' title="bbox 134 2784 895 2867; baseline 0.003 -21"><span class='ocrx_word' id='word_1_177' title='bbox 134 2798 167 2846; x_wconf 85' lang='lat'><strong>90</strong></span> <span class='ocrx_word' id='word_1_178' title='bbox 182 2784 257 2864; x_wconf 94' lang='lat' dir='ltr'><strong>lllo,</strong></span> <span class='ocrx_word' id='word_1_179' title='bbox 281 2804 369 2864; x_wconf 89' lang='lat' dir='ltr'><strong>quern</strong></span> <span class='ocrx_word' id='word_1_180' title='bbox 392 2785 538 2867; x_wconf 91' lang='lat' dir='ltr'><strong>dederas,</strong></span> <span class='ocrx_word' id='word_1_181' title='bbox 560 2791 777 2866; x_wconf 90' lang='lat' dir='ltr'><strong>praetereuntis</strong></span> <span class='ocrx_word' id='word_1_182' title='bbox 801 2806 895 2866; x_wconf 90' lang='lat' dir='ltr'><strong>equo.</strong></span> 
     </span>
     <span class='ocr_line' id='line_1_31' title="bbox 183 2871 966 2954; baseline 0.004 -22"><span class='ocrx_word' id='word_1_183' title='bbox 183 2871 282 2948; x_wconf 83' lang='lat' dir='ltr'><strong>[Quod</strong></span> <span class='ocrx_word' id='word_1_184' title='bbox 306 2875 332 2933; x_wconf 92' lang='lat' dir='ltr'><strong>si</strong></span> <span class='ocrx_word' id='word_1_185' title='bbox 353 2892 414 2934; x_wconf 89' lang='lat' dir='ltr'><strong>non</strong></span> <span class='ocrx_word' id='word_1_186' title='bbox 436 2874 559 2953; x_wconf 90' lang='lat' dir='ltr'><strong>prodest</strong></span> <span class='ocrx_word' id='word_1_187' title='bbox 580 2882 611 2936; x_wconf 93' lang='lat' dir='ltr'><strong>et</strong></span> <span class='ocrx_word' id='word_1_188' title='bbox 632 2876 750 2937; x_wconf 90' lang='lat' dir='ltr'><strong>honesti</strong></span> <span class='ocrx_word' id='word_1_189' title='bbox 771 2874 864 2954; x_wconf 80' lang='lat' dir='ltr'><strong>gloria</strong></span> <span class='ocrx_word' id='word_1_190' title='bbox 886 2874 966 2936; x_wconf 89' lang='lat' dir='ltr'><strong>nulla</strong></span> 
     </span>
     <span class='ocr_line' id='line_1_32' title="bbox 181 2959 930 3042; baseline 0.003 -22"><span class='ocrx_word' id='word_1_191' title='bbox 181 2959 347 3041; x_wconf 88' lang='lat' dir='ltr'><strong>Redditur,</strong></span> <span class='ocrx_word' id='word_1_192' title='bbox 370 2970 400 3022; x_wconf 91' lang='lat' dir='ltr'><strong>at</strong></span> <span class='ocrx_word' id='word_1_193' title='bbox 422 2960 535 3022; x_wconf 90' lang='lat' dir='ltr'><strong>nullum</strong></span> <span class='ocrx_word' id='word_1_194' title='bbox 559 2965 671 3023; x_wconf 91' lang='lat' dir='ltr'><strong>crimen</strong></span> <span class='ocrx_word' id='word_1_195' title='bbox 694 2963 818 3042; x_wconf 92' lang='lat' dir='ltr'><strong>adeptus</strong></span> <span class='ocrx_word' id='word_1_196' title='bbox 842 2961 930 3039; x_wconf 73' lang='lat' dir='ltr'><strong>erit]</strong></span> 
     </span>
    </p>

    <p class='ocr_par' dir='ltr' id='par_1_6' title="bbox 180 3047 983 3217">
     <span class='ocr_line' id='line_1_33' title="bbox 183 3047 983 3112; baseline 0.003 -4"><span class='ocrx_word' id='word_1_197' title='bbox 183 3047 245 3108; x_wconf 92' lang='lat' dir='ltr'><strong>Nec</strong></span> <span class='ocrx_word' id='word_1_198' title='bbox 268 3048 342 3109; x_wconf 89' lang='lat' dir='ltr'><strong>male</strong></span> <span class='ocrx_word' id='word_1_199' title='bbox 366 3051 522 3110; x_wconf 89' lang='lat' dir='ltr'><strong>commissa</strong></span> <span class='ocrx_word' id='word_1_200' title='bbox 546 3059 592 3112; x_wconf 88' lang='lat' dir='ltr'><strong>est</strong></span> <span class='ocrx_word' id='word_1_201' title='bbox 614 3050 699 3111; x_wconf 91' lang='lat' dir='ltr'><strong>nobis</strong></span> <span class='ocrx_word' id='word_1_202' title='bbox 721 3052 841 3112; x_wconf 90' lang='lat' dir='ltr'><strong>lortuna</strong></span> <span class='ocrx_word' id='word_1_203' title='bbox 863 3067 983 3111; x_wconf 89' lang='lat' dir='ltr'><strong>reorum</strong></span> 
     </span>
     <span class='ocr_line' id='line_1_34' title="bbox 180 3135 875 3217; baseline 0.003 -21"><span class='ocrx_word' id='word_1_204' title='bbox 180 3135 290 3215; x_wconf 90' lang='lat' dir='ltr'><strong>Lisque</strong></span> <span class='ocrx_word' id='word_1_205' title='bbox 314 3137 416 3197; x_wconf 88' lang='lat' dir='ltr'><strong>decem</strong></span> <span class='ocrx_word' id='word_1_206' title='bbox 439 3137 560 3198; x_wconf 90' lang='lat' dir='ltr'><strong>deciens</strong></span> <span class='ocrx_word' id='word_1_207' title='bbox 582 3138 764 3217; x_wconf 88' lang='lat' dir='ltr'><strong>inspicienda</strong></span> <span class='ocrx_word' id='word_1_208' title='bbox 786 3141 875 3199; x_wconf 89' lang='lat' dir='ltr'><strong>viris.</strong></span> 
     </span>
    </p>

    <p class='ocr_par' dir='ltr' id='par_1_7' title="bbox 134 3224 1018 3551">
     <span class='ocr_line' id='line_1_35' title="bbox 134 3224 1008 3304; baseline 0 -20"><span class='ocrx_word' id='word_1_209' title='bbox 134 3235 167 3284; x_wconf 82' lang='lat'><strong>95</strong></span> <span class='ocrx_word' id='word_1_210' title='bbox 182 3224 240 3284; x_wconf 87' lang='lat' dir='ltr'><strong>Res</strong></span> <span class='ocrx_word' id='word_1_211' title='bbox 264 3242 382 3303; x_wconf 88' lang='lat' dir='ltr'><strong>quoque</strong></span> <span class='ocrx_word' id='word_1_212' title='bbox 406 3228 535 3304; x_wconf 90' lang='lat' dir='ltr'><strong>privatas</strong></span> <span class='ocrx_word' id='word_1_213' title='bbox 558 3229 648 3288; x_wconf 88' lang='lat' dir='ltr'><strong>statui</strong></span> <span class='ocrx_word' id='word_1_214' title='bbox 670 3229 734 3287; x_wconf 91' lang='lat' dir='ltr'><strong>sine</strong></span> <span class='ocrx_word' id='word_1_215' title='bbox 757 3228 881 3287; x_wconf 91' lang='lat' dir='ltr'><strong>crimine</strong></span> <span class='ocrx_word' id='word_1_216' title='bbox 903 3224 1008 3304; x_wconf 85' lang='lat' dir='ltr'><strong>iudex,</strong></span> 
     </span>
     <span class='ocr_line' id='line_1_36' title="bbox 181 3310 969 3393; baseline 0.001 -22"><span class='ocrx_word' id='word_1_217' title='bbox 181 3310 283 3390; x_wconf 88' lang='lat' dir='ltr'><strong>Deque</strong></span> <span class='ocrx_word' id='word_1_218' title='bbox 307 3330 372 3372; x_wconf 92' lang='lat' dir='ltr'><strong>mea</strong></span> <span class='ocrx_word' id='word_1_219' title='bbox 395 3314 473 3374; x_wconf 85' lang='lat' dir='ltr'><strong>lassa</strong></span> <span class='ocrx_word' id='word_1_220' title='bbox 496 3321 542 3374; x_wconf 92' lang='lat' dir='ltr'><strong>est</strong></span> <span class='ocrx_word' id='word_1_221' title='bbox 563 3332 632 3393; x_wconf 92' lang='lat' dir='ltr'><strong>pars</strong></span> <span class='ocrx_word' id='word_1_222' title='bbox 655 3331 773 3393; x_wconf 88' lang='lat' dir='ltr'><strong>quoque</strong></span> <span class='ocrx_word' id='word_1_223' title='bbox 797 3317 872 3375; x_wconf 84' lang='lat' dir='ltr'><strong>victa</strong></span> <span class='ocrx_word' id='word_1_224' title='bbox 895 3313 969 3373; x_wconf 91' lang='lat' dir='ltr'><strong>lide.</strong></span> 
     </span>
     <span class='ocr_line' id='line_1_37' title="bbox 183 3397 1018 3482; baseline 0.001 -25"><span class='ocrx_word' id='word_1_225' title='bbox 183 3397 229 3458; x_wconf 89' lang='lat' dir='ltr'><strong>llle</strong></span> <span class='ocrx_word' id='word_1_226' title='bbox 252 3399 416 3461; x_wconf 89' lang='lat' dir='ltr'><strong>miserum!</strong></span> <span class='ocrx_word' id='word_1_227' title='bbox 443 3403 550 3482; x_wconf 92' lang='lat' dir='ltr'><strong>potui,</strong></span> <span class='ocrx_word' id='word_1_228' title='bbox 573 3404 682 3462; x_wconf 91' lang='lat' dir='ltr'><strong>sinon</strong></span> <span class='ocrx_word' id='word_1_229' title='bbox 705 3413 836 3463; x_wconf 86' lang='lat' dir='ltr'><strong>extrema</strong></span> <span class='ocrx_word' id='word_1_230' title='bbox 858 3405 1018 3478; x_wconf 90' lang='lat' dir='ltr'><strong>nocerent,</strong></span> 
     </span>
     <span class='ocr_line' id='line_1_38' title="bbox 182 3483 780 3551; baseline 0.012 -6"><span class='ocrx_word' id='word_1_231' title='bbox 182 3483 294 3546; x_wconf 92' lang='lat' dir='ltr'><strong>ludicio</strong></span> <span class='ocrx_word' id='word_1_232' title='bbox 317 3495 400 3548; x_wconf 88' lang='lat' dir='ltr'><strong>tutus</strong></span> <span class='ocrx_word' id='word_1_233' title='bbox 423 3505 484 3549; x_wconf 89' lang='lat' dir='ltr'><strong>non</strong></span> <span class='ocrx_word' id='word_1_234' title='bbox 507 3489 598 3551; x_wconf 90' lang='lat' dir='ltr'><strong>semel</strong></span> <span class='ocrx_word' id='word_1_235' title='bbox 622 3507 688 3551; x_wconf 90' lang='lat' dir='ltr'><strong>esse</strong></span> <span class='ocrx_word' id='word_1_236' title='bbox 711 3500 780 3551; x_wconf 89' lang='lat' dir='ltr'><strong>tuo.</strong></span> 
     </span>
    </p>
   </div>
   <div class='ocr_carea' id='block_1_5' title="bbox 0 0 1200 3892">
    <p class='ocr_par' dir='ltr' id='par_1_8' title="bbox 0 0 1200 3892">
     <span class='ocr_line' id='line_1_39' title="bbox 0 0 1200 3892; baseline 0 0"><span class='ocrx_word' id='word_1_237' title='bbox 0 0 1200 3892; x_wconf 95' lang='lat' dir='ltr'><strong> </strong></span> 
     </span>
    </p>
   </div>
  </div>
 </body>
</html>
