2386 3892
393 197 438 246 IV.
457 207 528 249 vnn
544 163 650 246 tii-’x
665 199 706 248 57.
987 195 1052 260 203

182 359 347 439 Gentibus,
370 358 487 436 obliqua
511 376 585 437 qnas
608 358 670 418 obit
693 358 792 419 Hister
816 377 908 438 aqua.

137 448 197 509 Nec
221 451 319 508 vincet
342 445 466 526 Cyclops
490 464 607 506 saevum
632 447 747 507 feritate
771 446 924 526 Phyacen:

181 537 237 606 Qui
262 542 350 614 quota
374 536 496 595 terroris
520 552 588 612 pars
612 533 686 595 solet
709 552 774 594 esse
798 532 882 595 mei?

89 638 121 685 25
142 624 236 702 Scylla
260 624 331 683 ieris
356 632 460 683 trunco
480 622 559 700 quod
583 621 670 682 latret
693 622 728 682 ah
752 625 873 700 inguine
895 626 1053 704 monstris,

181 711 350 789 Heniochae
374 713 472 771 nautis
495 709 562 787 plus
586 728 714 770 nocuere
738 718 834 771 rates.

136 800 196 860 Nec
220 808 304 878 potes
327 799 444 859 infestis
468 799 603 857 conferre
628 796 794 876 Charybdin
817 797 959 878 Achaeis,

181 888 239 948 Ter
263 887 333 947 licet
356 895 475 965 epotum
498 895 544 945 ter
568 894 664 946 vomat
686 885 734 946 illa
758 886 885 947 fretum.

137 978 194 1046 Qui
219 992 395 1054 quamquam
419 974 521 1034 dextra
544 977 665 1052 regione
688 973 825 1034 licentius
849 983 966 1054 errant,

88 1078 121 1125 30
182 1063 327 1124 Securum
350 1062 426 1122 latus
449 1061 505 1121 hoo
529 1070 709 1123 nontamen
733 1080 799 1123 esse
823 1065 924 1123 sinunt
935 1061 955 1140 .]

138 1152 191 1212 llic
215 1154 277 1230 agri
300 1149 452 1211 inlrondes
465 1197 473 1229 ,
496 1150 545 1209 hic
568 1149 680 1228 spicula
704 1152 794 1211 tincta
817 1153 956 1213 venenis:

181 1239 235 1300 Hic
259 1241 334 1299 freta
357 1239 403 1298 vel
426 1237 518 1317 pediti
541 1241 641 1316 pervia
664 1237 761 1298 reddit
784 1237 897 1316 hiems,

138 1328 195 1407 Ut,
220 1346 277 1406 qua
301 1345 401 1386 remus
424 1330 481 1387 iter
504 1325 596 1404 pulsis
620 1325 706 1385 modo
730 1327 841 1385 lecerat
864 1325 969 1406 undis,

182 1416 284 1476 Siccus
308 1423 475 1493 contempta
499 1432 571 1474 nave
595 1416 689 1473 viator
712 1422 775 1474 eat.

89 1517 121 1565 35
137 1505 194 1575 Qui
216 1506 339 1564 veniunt
361 1505 470 1581 istinc,
495 1505 540 1562 vix
564 1519 615 1562 vos
639 1520 672 1562 ea
696 1501 818 1562 credere
841 1502 964 1562 dicunt.

181 1593 274 1663 Quam
299 1593 388 1651 miser
412 1600 479 1669 est,
502 1592 553 1669 qui
577 1590 635 1650 lert
657 1593 805 1668 asperiora
829 1588 903 1650 lide!

136 1680 230 1741 Crede
253 1689 368 1740 tamen:
392 1697 447 1739 nec
470 1687 499 1738 te
523 1696 626 1738 causas
649 1681 765 1738 nescire
789 1680 938 1760 sinemus,

180 1768 306 1828 Horrida
331 1767 524 1827 Sarmaticum
549 1785 603 1827 cur
626 1784 706 1827 mare
730 1766 817 1827 duret
840 1767 951 1827 hiems.

136 1857 271 1917 Proxima
296 1864 365 1915 sunt
388 1854 473 1914 nobis
497 1854 620 1932 plaustri
643 1854 813 1933 praebentia
837 1855 961 1915 sormam
996 1867 1053 1920 (tar)

88 1957 122 2005 40
182 1945 219 2005 Et
243 1962 317 2022 quae
341 1946 533 2021 praecipuum
558 1942 654 2003 sidera
678 1945 771 2022 frigus
795 1942 921 2005 habent.

137 2032 211 2092 lline
236 2034 332 2091 oritur
355 2031 460 2092 boreas
483 2048 611 2110 oraeque
635 2031 814 2091 domesticus
838 2030 907 2091 huic
930 2039 993 2112 est,

181 2121 218 2180 Et
242 2121 332 2180 sumit
355 2137 452 2179 mores
475 2137 492 2179 a
515 2122 654 2198 propiore
677 2119 777 2180 locus.

137 2208 173 2268 ht
196 2216 284 2268 notus
297 2254 306 2287 ,
330 2207 451 2269 adverso
475 2206 607 2286 tepidum
632 2209 684 2284 qui
706 2209 798 2285 spirat
821 2205 856 2266 ah
880 2225 950 2288 axe,

180 2295 234 2355 Est
256 2295 382 2374 procul,
406 2304 436 2356 et
460 2311 544 2354 rarus
569 2293 791 2371 languidiorque
814 2297 911 2355 venit.

89 2394 123 2443 to
137 2382 218 2443 Adde
242 2382 320 2461 quod
343 2383 392 2442 hic
416 2383 515 2443 clauso
539 2383 702 2441 miscentur
724 2380 845 2441 llumina
867 2381 979 2463 Ponto,

182 2471 304 2549 Vimque
328 2471 437 2531 fretum
461 2469 553 2529 multo
576 2469 674 2548 perdit
696 2466 732 2528 ab
756 2485 840 2528 amne
864 2486 963 2530 suam.

136 2557 202 2619 lluc
225 2558 342 2638 Lycus,
365 2558 424 2619 huc
449 2557 565 2637 Sagaris
588 2557 756 2634 Peniusque
779 2555 968 2636 Hypanisque

683 2643 824 2722 Calesque

180 2734 280 2795 lnlluit
303 2742 333 2794 et
356 2734 461 2795 crebro
486 2737 594 2795 vertice
618 2741 714 2794 tortus
737 2732 842 2814 llalys,

137 2821 372 2900 Partheniusque
396 2841 507 2901 rapax,
532 2832 562 2883 et
584 2821 703 2881 volvens
727 2839 794 2882 saxa
818 2821 966 2902 Cynapses

90 2921 122 2970 no
180 2909 325 2990 Labitur,
348 2918 378 2970 et
401 2911 482 2971 nullo
506 2909 617 2970 tardior
641 2928 724 2969 amne
748 2909 857 2990 Tyras:

132 2991 173 3059 Et
197 3006 251 3078 tu,
275 2999 418 3058 femineae
441 2998 629 3059 Thermodon
654 3001 770 3077 cognite
793 3008 925 3075 turmae,

180 3085 218 3146 Et
242 3086 388 3163 quondam
412 3086 507 3146 Graiis
530 3086 617 3146 Phasi
636 3090 727 3165 petite
751 3088 839 3146 viris:

136 3174 269 3253 Cumque
293 3174 487 3254 Borysthenio
511 3174 724 3252 liquidissimus
747 3189 832 3232 amne
855 3170 1000 3249 Dyrapses

180 3261 217 3320 Et
240 3264 329 3322 tacite
352 3280 496 3342 peregens
520 3263 585 3322 lene
609 3257 774 3321 Melanthus
796 3261 870 3318 iter:

88 3359 121 3409 oo
137 3349 254 3427 Quique
278 3349 351 3410 duas
374 3358 492 3430 terras,
515 3351 611 3409 Asiam
635 3345 795 3423 Cadmique
819 3361 951 3405 sororem

182 3436 306 3517 Separat
328 3446 359 3498 et
381 3455 489 3498 cursus
511 3440 590 3496 inter
613 3442 768 3512 utramque
791 3434 878 3494 facit:

135 3525 346 3604 Innumerique
370 3525 440 3604 alii,
463 3541 538 3601 quos
562 3525 639 3582 inter
662 3523 806 3583 maximus
829 3539 932 3582 omnes
