2386 3892
472 173 503 224 u.
523 175 673 226 aas-eoa.
776 165 780 170 ’
1007 170 1073 237 319

155 334 227 395 Vina
252 352 370 413 quoque
393 337 422 395 in
448 338 561 414 magnis
585 352 709 415 operose
733 334 850 397 condita
873 335 956 397 cellis

87 435 140 483 220
201 421 322 484 Florent
335 469 343 502 ,
368 430 397 484 et
420 422 545 484 nebulae
569 422 645 484 dolia
669 440 784 485 summa
806 430 928 503 tegunt.

155 509 240 570 Mella
264 528 362 571 meum
385 528 518 572 mutnus:
551 511 687 572 volucres
710 529 764 590 ego
788 511 872 573 mella
896 511 1015 574 daturas

199 597 243 658 dd
266 598 370 658 violam
395 607 424 658 et
448 601 557 677 cytisos
581 606 611 658 et
633 598 732 678 thyma
756 616 827 660 cana
850 617 940 662 voco.

156 684 229 762 [Nos
253 705 370 765 quoque
395 685 473 746 idem
496 687 621 746 iacimus
644 695 738 768 tunc,
761 704 829 748 cum
851 686 1037 750 iuvenalibus

705 790 788 835 annis

201 861 365 923 Luxuriant
388 863 499 940 animi,
524 878 707 940 corporaque
730 863 794 941 ipsa
816 858 966 942 vigent.']

89 962 141 1011 eto
158 948 238 1010 Talia
262 950 409 1011 dicentem
433 951 540 1010 tacitus
563 948 712 1010 mirabar.
754 957 784 1010 at
806 949 854 1010 illa

201 1034 266 1099 ‘lus
290 1037 345 1098 tibi
368 1037 523 1118 discendi,
546 1039 630 1116 siqua
653 1032 798 1118 requiris'
822 1039 879 1099 ait.

157 1122 226 1187 ‘Dic
250 1126 304 1186 dea
318 1120 341 1206 ,'
366 1125 507 1205 respondi
531 1121 684 1187 ‘ludorum
708 1143 783 1205 quae
807 1127 846 1188 sit
868 1121 986 1206 origo?

201 1214 255 1274 Vix
278 1213 354 1274 bene
378 1213 547 1294 desieram,
570 1213 685 1275 rettulit
706 1213 756 1273 illa
778 1212 868 1275 milri:

158 1297 279 1363 ‘Cetera
303 1302 436 1362 luxuriae
459 1301 592 1363 nondum
614 1292 812 1362 instrumenta
834 1300 987 1381 vigebant,

91 1402 143 1450 280
203 1391 260 1450 dut
282 1408 397 1470 pecus,
421 1397 471 1450 aut
494 1388 581 1451 latam
605 1388 686 1450 dives
708 1386 835 1450 babebat
857 1388 998 1470 humum3

157 1477 233 1538 lliuc
257 1480 344 1538 etiam
367 1476 522 1558 locuples,
544 1477 613 1538 hinc
636 1478 700 1557 ipse
722 1478 847 1557 pecunia
872 1477 949 1538 dicta
972 1485 1035 1538 est:

189 1565 260 1626 .Sed
284 1568 342 1627 iam
365 1566 402 1626 de
424 1567 514 1627 vetito
538 1567 664 1645 quisque
687 1563 809 1644 parabat
831 1582 920 1643 opes.

158 1652 285 1714 Venerat
308 1656 338 1714 in
362 1671 474 1716 morem
497 1651 600 1733 populi
622 1652 782 1732 depascere
805 1652 913 1732 saltus,
1018 1662 1076 1717 (liti

202 1741 292 1820 quue
316 1741 367 1802 diu
389 1742 493 1821 licuit,
518 1758 671 1821 poenaque
695 1740 775 1802 nulla
798 1741 871 1802 init.

90 1840 142 1888 aso
158 1828 278 1889 Vindice
302 1829 435 1891 servabat
457 1828 539 1890 nullo
561 1847 615 1890 sua
638 1828 756 1908 publica
779 1828 900 1911 volgus5

203 1916 320 1996 lemque
344 1919 373 1978 in
397 1920 509 1998 privato
533 1935 655 1997 pascere
678 1919 784 1979 inertis
808 1922 888 1978 erat.

158 2005 256 2065 Plebis
280 2005 315 2066 ad
339 2006 447 2066 aediles
469 2005 612 2086 perducta
635 2005 753 2067 licentia
775 2004 841 2067 talis

204 2094 375 2173 Publicios3
399 2096 513 2154 animus
537 2092 631 2154 deluit
653 2102 721 2156 ante
744 2095 832 2154 viris.

159 2181 232 2241 Rem
255 2180 382 2260 populus
405 2182 533 2259 recipit,
556 2179 677 2240 multam
700 2178 818 2241 subiere
841 2187 1001 2242 nocentes:
1080 2184 1085 2191 '

92 2282 144 2331 290
203 2267 375 2329 Vindioibus
398 2265 478 2327 laudi
500 2264 617 2346 publica
640 2283 711 2326 cura
734 2266 806 2327 luit.

159 2357 249 2417 Multa
273 2357 339 2417 data
362 2362 408 2416 est
430 2372 466 2414 en
489 2362 573 2432 parte
596 2352 690 2433 milri,
713 2370 878 2432 magnoque
900 2354 999 2414 favore

204 2445 338 2505 Victores
361 2441 447 2503 ludos
469 2443 627 2503 instituere
649 2458 759 2502 novos.

160 2534 246 2594 Parte
270 2533 367 2593 locant
390 2530 520 2612 oliurm,
542 2531 594 2609 qni
616 2536 689 2591 tunc
712 2536 775 2590 erat
798 2527 889 2593 ardua
911 2544 1022 2607 rupes:

205 2620 280 2680 Utile
304 2637 383 2681 nime
405 2620 463 2679 iter
487 2624 554 2698 est,
577 2616 803 2696 Publiciumque
826 2609 965 2678 vocant.'

94 2721 145 2770 eoo
160 2711 264 2771 Armua
288 2707 471 2770 credideram
495 2705 661 2786 spectacula
684 2706 781 2766 iacta.
823 2705 957 2786 negavit,

205 2796 322 2858 Addidit
345 2805 376 2858 et
398 2795 485 2857 dictis
507 2794 599 2856 altera
622 2792 710 2854 verba
733 2794 833 2870 suist,

162 2877 237 2942 ‘Nos
261 2902 378 2963 quoque
402 2884 496 2960 tangit
514 2881 630 2942 honor.
667 2881 751 2943 iestis
768 2880 930 2963 gaudemus
954 2879 1079 2960 eteris,

205 2968 363 3050 Turbaque
386 2970 527 3034 caelestes
550 2968 703 3031 ambitiosa
726 2987 846 3032 snmus.

162 3055 255 3135 Saepe
279 3055 349 3118 deos
373 3059 478 3139 aliquis
500 3058 650 3139 peccando
672 3057 744 3120 iecit
766 3059 903 3137 iniquos,

95 3155 146 3205 eoo
205 3144 244 3205 Et
267 3162 321 3224 pro
344 3145 459 3210 delictis
481 3147 578 3207 hostia
600 3145 706 3207 blanda
728 3146 801 3207 fuit.

163 3233 255 3312 Saepe
279 3232 377 3293 lovem
399 3233 481 3315 ridi,
504 3251 572 3296 enm
595 3235 653 3295 iam
675 3249 729 3294 soa
752 3233 870 3293 mittere
894 3228 982 3293 vellet

206 3321 363 3403 Fulmina,
385 3328 453 3383 ture
476 3322 544 3384 dato
568 3321 744 3382 sustinuisse
767 3335 905 3380 manum.

161 3409 198 3470 nt
220 3412 246 3470 si
269 3408 474 3489 neglegimnr,
496 3410 610 3487 magnis
632 3409 739 3469 iniuria
761 3407 866 3488 poenis

206 3496 358 3577 Solvitur,
381 3504 411 3558 et
432 3499 545 3558 iustum
568 3497 710 3575 praeterit
731 3497 775 3557 ira
798 3494 934 3557 modum
