2386 3892
155 169 219 234 206
498 221 501 226 ,
560 168 609 218 nx
627 165 746 219 rouro

242 333 343 412 Teque
363 350 464 393 canam
484 348 670 410 quacumque
689 337 778 391 nota.
815 329 869 389 tibi
892 330 1024 389 carmina
1047 331 1156 390 mittam

195 435 229 482 to
287 422 383 482 Paene
406 420 478 479 milri
501 437 594 497 puero
618 420 734 497 cognite
757 434 851 496 paene
873 435 967 496 puer,

242 509 357 587 Perque
385 515 430 567 tot
457 524 602 567 annorum
630 508 759 585 seriem,
787 512 860 583 quot
886 504 1030 566 habemus

789 601 933 672 uterque,
1103 605 1156 659 (¹³⁶)

286 682 350 743 Non
375 683 468 762 mihi,
493 701 581 761 quam
603 683 688 742 fratri
711 682 824 760 frater,
848 687 944 741 amate
968 683 1084 744 minus.

241 769 286 831 'lu
311 771 406 833 bonus
430 771 584 851 hortator,
607 778 639 830 tu
663 769 782 847 duxque
806 785 965 847 comesque
988 770 1089 849 fuisti,

286 857 361 919 Cum
384 876 518 937 regerem
541 866 644 918 tenera
667 858 750 917 frena
773 856 885 917 novella
909 875 1018 918 manu.

194 959 227 1007 25
243 946 335 1026 Saepe
359 965 413 1025 ego
438 947 554 1006 correxi
577 945 632 1005 sub
656 952 685 1004 te
709 963 832 1006 censore
856 943 989 1005 libellos:

287 1034 380 1113 Saepe
403 1033 458 1093 tibi
481 1034 632 1093 admonitu
655 1033 730 1093 facta
752 1033 842 1093 litura
864 1050 931 1093 meo
955 1039 1020 1113 est,

241 1121 363 1201 Dignam
386 1121 526 1181 Maeoniis
549 1121 711 1181 Phaeacida
733 1120 861 1182 condere
884 1121 997 1181 chartis

286 1209 360 1271 Cum
382 1218 412 1270 te
434 1208 568 1269 Pierides
592 1208 775 1286 perdocuere
799 1219 883 1269 tuae.

242 1297 296 1358 llic
319 1307 428 1376 tenor,
450 1298 522 1357 haec
546 1297 631 1356 viridi
656 1296 813 1357 concordia
837 1303 943 1376 coepta
964 1299 1083 1357 iuventa

194 1399 227 1446 30
287 1385 373 1445 Venit
396 1385 431 1445 ad
455 1385 587 1445 albentes
610 1380 783 1445 inlabefacta
807 1402 923 1445 comas.

242 1473 322 1544 Quae
347 1476 402 1534 nisi
427 1481 456 1534 te
480 1480 636 1551 moveant,
660 1472 734 1533 duro
758 1473 813 1533 tibi
835 1481 958 1552 pectora
981 1473 1060 1534 ferro

285 1561 358 1621 Esse
371 1609 380 1642 ,
404 1562 450 1621 vel
472 1564 579 1621 invicto
604 1561 701 1621 clausa
725 1561 877 1621 adamante
900 1569 1021 1640 putem.

242 1647 298 1708 Sed
323 1652 407 1726 prius
430 1649 499 1709 huic
523 1650 620 1709 desint
643 1657 673 1709 et
696 1649 805 1710 bellum
829 1655 859 1709 et
882 1650 994 1729 frigora
1016 1656 1128 1728 terrae,

285 1736 400 1796 luvisus
424 1735 509 1795 nobis
533 1755 607 1814 quae
631 1736 689 1796 duo
713 1738 825 1798 Pontus
848 1736 955 1817 habet,

193 1835 227 1882 35
241 1823 278 1883 Et
301 1823 419 1900 tepidus
442 1822 546 1883 boreas
570 1832 600 1883 et
623 1827 662 1883 sit
684 1825 881 1904 praefrigidus
903 1834 1026 1906 auster,

285 1909 323 1969 Et
346 1912 439 1987 possit
462 1911 554 1971 fatum
577 1912 693 1972 mollius
717 1931 782 1973 esse
806 1930 923 1992 meum3

241 1997 334 2068 Quam
358 2005 406 2057 tua
430 2000 489 2058 sint
512 1999 593 2076 lapso
617 2000 790 2078 praecordia
813 2001 886 2061 dura
908 1999 1021 2062 sodali.

285 2085 339 2144 Hic
363 2086 499 2146 cumulus
523 2089 634 2147 nostris
658 2087 734 2147 absit
757 2087 899 2165 abestque
923 2087 1024 2149 malis.

240 2173 285 2234 Tu
308 2173 394 2233 modo
418 2192 471 2252 per
495 2193 640 2255 superos,
665 2193 792 2254 quorum
815 2176 1000 2237 certissimus
1023 2175 1072 2237 ille
1095 2182 1145 2253 est,

192 2273 226 2321 40
285 2261 350 2332 Quo
373 2270 443 2322 tuus
467 2264 583 2323 assidue
607 2266 741 2342 principe
765 2264 858 2323 crevit
880 2262 994 2339 honor,

240 2348 331 2409 Effice
356 2353 502 2410 constanti
525 2351 682 2430 profugum
705 2354 814 2431 pietate
838 2350 967 2432 tuendo,

284 2437 327 2497 Ne
352 2448 467 2517 sperata
491 2457 585 2498 meam
608 2439 724 2499 deserat
747 2457 819 2500 aura
841 2447 953 2500 ratem.

241 2525 317 2596 Quid
341 2527 497 2605 mandem,
521 2524 670 2604 quaeris?
698 2544 839 2607 peream,
863 2530 921 2587 nisi
943 2527 1043 2588 dicere

786 2617 833 2675 rix
856 2622 902 2675 est
925 2648 959 2657 -
1097 2624 1144 2676 (1³⁷)

284 2701 316 2761 Si
339 2702 448 2782 modo,
472 2705 524 2780 qui
547 2704 656 2783 periit,
680 2702 728 2763 ille
751 2705 850 2782 perire
873 2709 989 2782 potest.

191 2800 224 2847 45
240 2786 318 2867 Nec,
337 2789 408 2867 quid
427 2809 528 2871 agam,
551 2792 686 2871 invenio,
706 2808 761 2851 neo
779 2790 850 2869 quid
869 2790 996 2852 nolimve
1015 2790 1143 2866 velimrc,

283 2874 344 2935 Nec
367 2880 438 2937 satis
461 2879 573 2939 utilitas
597 2886 642 2939 est
664 2878 737 2937 mihi
751 2886 829 2938 nota
852 2896 934 2939 mea.

239 2961 333 3022 Crede
356 2964 428 3024 mihi
441 3012 450 3046 ,
473 2969 598 3026 miseros
621 2967 777 3045 prudentia
799 2968 894 3043 prima
918 2965 1075 3047 relinquit,

173 3130 176 3136 ι
282 3050 320 3111 Ει
344 3069 449 3112 sensus
473 3072 541 3113 cum
564 3071 597 3113 re
621 3054 835 3132 consiliumque
859 3055 951 3133 fugit.

238 3140 322 3220 lpse,
345 3158 470 3221 precor,
490 3159 630 3223 quaeras,
654 3160 710 3221 qua
733 3143 789 3202 sim
813 3140 867 3203 tibi
885 3151 968 3221 parte
991 3141 1142 3223 iurandus.

189 3240 223 3288 50
283 3228 407 3306 Quoque
431 3231 506 3289 viam
530 3231 619 3290 facias
642 3230 678 3290 ad
701 3247 765 3290 mea
789 3238 854 3291 vota
879 3229 968 3291 rado.
