2386 3892
86 124 148 185 172
496 125 546 173 nx
563 123 682 175 rouro

124 287 219 350 85111
243 289 325 349 iubet
347 287 470 366 Pylades
495 305 596 348 carum
618 289 771 366 periturus
794 286 939 348 Oresten:

217 377 271 436 llic
295 384 399 454 negat:
433 378 522 453 inque
547 377 625 434 vices
648 382 760 454 pugnat
782 382 910 454 uterque
934 379 1027 437 mori.

172 465 277 524 Extitit
301 464 356 523 hoc
379 482 472 523 unum
486 481 577 543 ,qno
601 481 660 522 non
684 466 856 524 convenerit
878 463 958 524 illis:
1048 478 1093 530 (aa)

218 551 321 612 Cetera
345 570 398 630 par
422 569 546 611 concors
571 560 600 611 et
623 554 687 611 sine
710 551 762 611 lite
786 552 859 612 tuit

172 641 248 701 Dum
271 647 416 719 peragunt
438 642 560 699 iuvenes
584 638 701 717 pulchri
724 646 874 700 certamen
898 643 1023 723 amoris,

126 741 159 789 91
218 728 260 787 Ad
284 729 407 788 tratrem
431 730 556 805 scriptas
580 736 681 787 exarat
702 726 751 787 illa
775 736 877 789 notas

172 817 215 876 Ad
240 818 361 876 tratrem
385 816 519 875 mandata
543 815 646 875 dabat:
680 819 787 894 cuique
810 815 859 876 illa
882 816 1047 899 dabantur,

218 904 369 964 Humanas
393 922 479 964 casus
503 903 623 982 aspice!
647 904 738 964 trater
761 911 842 964 erat.

172 992 233 1052 Nec
258 1010 360 1071 mora,
384 991 419 1051 de
443 992 552 1069 templo
576 993 696 1070 rapiunt
719 991 875 1053 simulacra
899 992 1026 1074 Dianae,

218 1080 357 1158 Clamque
380 1097 435 1158 per
458 1083 606 1139 inmensas
629 1098 728 1158 puppe
752 1081 890 1142 teruntur
914 1100 1022 1161 aquas.

126 1181 159 1229 91
175 1169 268 1229 Mirus
292 1186 373 1228 amor
397 1171 557 1246 iuvenum,
582 1171 714 1246 quamvis
738 1168 837 1229 abiere
861 1173 1014 1244 tutandi,

217 1257 249 1316 ln
275 1256 393 1335 Scythia
417 1275 555 1334 magnum
583 1274 663 1316 nunc
691 1274 809 1335 quoque
840 1276 949 1318 nomen
973 1253 1088 1319 habet?

173 1345 282 1405 Fabula
306 1353 423 1405 narrata
446 1353 492 1404 est
513 1352 670 1423 postquam
694 1345 821 1422 vulgaris
845 1345 880 1405 ab
904 1346 972 1428 illo,

218 1433 389 1494 Laudarunt
412 1451 515 1492 omnes
538 1433 614 1493 lacta
638 1435 774 1511 piamque
798 1433 905 1494 tidem.

175 1521 293 1581 Scilicet
316 1521 370 1580 hac
394 1524 504 1600 etiam,
528 1539 584 1598 qua
609 1521 688 1580 nulla
712 1522 840 1581 ferocior
863 1540 915 1582 ora
938 1531 1001 1604 est,

109 1621 158 1668 100
218 1609 331 1667 Nomen
355 1611 499 1668 amicitiae
522 1608 646 1668 barbara
670 1609 759 1669 corda
783 1618 898 1671 mouet.

174 1696 250 1765 Quid
276 1697 371 1755 tacere
395 1698 524 1756 Ausonia
547 1698 640 1775 geniti
662 1696 777 1757 debetis
799 1699 830 1757 in
856 1698 953 1779 Urbe,

218 1782 290 1842 Cum
316 1791 436 1861 tangant
459 1784 538 1843 diros
561 1783 629 1844 talia
653 1786 728 1845 lacta
752 1782 866 1846 Getas?

174 1871 277 1948 Adde,
300 1870 379 1948 quod
403 1880 449 1932 est
472 1873 587 1932 animus
611 1891 729 1952 semper
752 1873 806 1933 tibi
828 1875 911 1934 mitia
923 1920 932 1953 ‚
963 1881 994 1934 et
1017 1873 1086 1935 altae

218 1957 363 2018 Indicium
386 1977 484 2019 mores
508 1960 668 2020 nobilitatis
691 1960 817 2034 habent,

109 2045 254 2115 11501111
278 2044 400 2105 Volesus
424 2049 512 2124 patrii
536 2056 694 2123 cognoscat
717 2051 844 2108 nominis
868 2058 988 2129 auctor,

219 2133 299 2203 Quos
323 2133 417 2192 Numa
441 2143 592 2193 maternus
616 2153 675 2194 non
699 2144 787 2212 neget
809 2153 876 2196 esse
901 2155 988 2217 suos,

174 2222 346 2299 adiectique
370 2221 497 2300 probent
520 2224 653 2300 genetiva
676 2222 712 2281 ad
735 2225 854 2283 nomina
878 2223 997 2305 Cottae,

219 2308 249 2368 Si
273 2317 304 2368 tu
328 2327 387 2368 non
411 2328 514 2389 esses,
538 2311 695 2369 interitura
719 2308 841 2372 domus.

173 2398 264 2476 Digne
288 2399 332 2457 vir
355 2397 409 2457 hac
433 2400 532 2475 serie,
555 2397 637 2475 lapso
661 2415 838 2459 succurrere
862 2402 957 2462 amico
1046 2413 1084 2465 (841

108 2499 158 2545 111
217 2485 401 2546 Conveniens
424 2487 489 2546 istis
513 2485 646 2545 moribus
670 2504 735 2546 csse
758 2486 848 2566 putal

556 2680 618 2753 ΙΙΙ.

174 2835 205 2895 Si
229 2843 311 2895 vacat
334 2838 473 2914 exiguum
496 2838 622 2916 profugo
646 2838 715 2898 dare
740 2846 858 2918 tempus
882 2842 993 2914 amico,

216 2923 240 2983 0
265 2924 346 2983 sidus
371 2923 499 3004 Fabiae,
522 2924 647 2986 Maxime
660 2974 669 3006 ,
693 2930 812 3007 gentis,
835 2928 924 3008 ades,

171 3012 246 3072 Dum
270 3012 324 3071 tibi
348 3030 423 3090 quae
446 3012 527 3092 vidi,
552 3015 672 3075 resero:
700 3033 753 3075 seu
777 3018 912 3094 corporis
936 3014 1055 3094 umbra,

216 3100 275 3160 Seu
299 3104 362 3160 veri
385 3103 500 3178 specics
513 3148 522 3181 ,
547 3119 599 3162 seu
624 3104 679 3163 luit
702 3102 751 3163 ille
775 3121 883 3182 sopor.

142 3187 234 3246 5Nox
259 3197 323 3248 erat
345 3198 375 3249 et
398 3189 510 3248 bifores
533 3190 662 3250 intrabat
684 3190 753 3250 luna
776 3192 941 3274 fenestras,

216 3275 315 3336 Mense
340 3278 402 3337 lere
428 3277 523 3337 medio
548 3286 656 3356 quanta
679 3281 775 3338 nitere
800 3279 892 3340 solet.

173 3361 293 3421 Publica
318 3383 365 3423 me
389 3367 509 3443 requies
533 3384 674 3426 curarum
697 3385 818 3427 somnus
842 3367 985 3449 habebat,

217 3448 353 3528 Fusaque
378 3460 463 3512 erant
486 3461 548 3513 toto
571 3453 710 3533 languida
733 3454 866 3516 membra
890 3465 974 3517 1111.
