2386 3892
152 169 215 233 192
398 111 401 117 Ι
557 170 605 220 EX
622 166 743 221 PONTO
813 207 818 214 .

193 348 225 395 10
283 333 348 394 Non
372 341 418 394 est
440 333 573 412 Augusto
597 333 726 393 iunctior
749 330 807 392 ulla
830 331 912 392 iero.

240 421 361 502 Siquis,
384 429 418 482 ut
439 424 470 482 in
495 421 626 501 populo,
650 421 701 498 qni
725 420 788 480 sitis
812 427 842 480 et
866 417 968 500 unde,
992 423 1143 502 requiret,

284 509 407 570 Nomina
432 509 553 587 decepta
577 507 725 588 quaelibet
748 524 818 568 eure
842 507 934 568 ierat.

239 597 277 658 Ut
300 599 338 658 sit
362 599 440 658 enim
464 605 583 677 tutum,
607 598 685 656 sieut
708 613 777 656 reor
799 613 887 674 esse,
910 595 1017 676 fateri,

283 684 379 746 Verba
401 687 499 746 minus
523 697 603 746 certe
627 685 695 745 fieta
718 685 833 744 timeris
855 681 983 744 habent.

193 785 225 834 15
240 773 328 854 Copia
352 792 407 835 nee
431 773 514 834 vohis
537 772 617 834 nulio
640 770 816 851 prohibente
839 770 957 832 videndi

284 861 442 942 Consulis,
467 869 500 922 ut
522 861 612 921 limen
635 861 842 938 contigeritis,
866 861 939 920 erit.

239 950 298 1011 Aut
320 959 404 1029 reget
426 948 475 1010 iiie
499 967 568 1010 suos
592 947 717 1008 dicende
740 950 805 1008 iura
829 946 986 1027 Quirites,

284 1036 483 1116 conspicuum
508 1039 599 1115 signis
623 1054 691 1097 cum
714 1042 831 1114 premet
853 1034 929 1095 altus
953 1033 1047 1098 ebur:

240 1125 298 1186 dut
320 1125 422 1204 pepuli
444 1124 558 1186 reditus
581 1126 706 1203 positam
730 1131 887 1202 componet
910 1121 946 1183 ad
970 1122 1101 1204 nasum,

192 1225 225 1274 20
283 1211 321 1273 Et
344 1215 437 1273 minui
459 1231 580 1292 magnae
604 1230 663 1273 nen
687 1214 764 1272 sinet
786 1210 874 1272 Urbis
898 1227 990 1290 opes:

239 1300 298 1362 dut
310 1349 319 1383 ,
343 1300 394 1362 uhi
418 1311 506 1362 erunt
528 1297 627 1380 patres
650 1302 681 1360 in
704 1299 777 1360 luiia
800 1298 909 1378 templa
932 1300 1047 1380 vocati,

284 1388 326 1450 ue
349 1397 430 1450 tanto
454 1389 550 1468 dignis
574 1387 693 1449 consule
718 1386 808 1448 rebus
832 1395 915 1465 aget:

241 1479 298 1538 dut
321 1478 397 1538 ieret
420 1478 552 1556 Augusto
576 1476 691 1537 solitam
714 1484 843 1554 natoque
867 1473 1012 1556 salutem,

284 1565 385 1645 Deque
409 1584 513 1644 parum
536 1573 606 1626 noto
631 1563 765 1625 consulet
787 1564 902 1624 oifieio.

192 1652 369 1732 redemptis
393 1652 429 1713 ab
452 1653 499 1714 his
518 1671 641 1714 vacuum
661 1651 767 1713 Caesar
786 1651 981 1712 Germanicus
999 1668 1086 1712 omne
1102 1664 1153 1714 (11⁵)

284 1740 428 1802 Auferet.
470 1759 486 1800 a
509 1744 621 1820 magnis
645 1740 724 1801 hunc
748 1739 818 1801 colit
839 1738 888 1800 ille
912 1739 994 1801 deis.

241 1827 313 1889 Cum
337 1835 436 1890 tamen
459 1847 475 1888 a
499 1828 585 1890 turba
608 1845 709 1889 rerum
732 1829 912 1907 requieverit
934 1827 1060 1909 herum,

284 1915 327 1976 td
351 1934 401 1977 vos
425 1925 593 1978 mansuetas
616 1919 749 1995 porriget
771 1915 820 1977 iile
843 1932 967 1996 manus,

241 2003 377 2082 Quidque
400 2022 507 2083 parens
531 2023 584 2084 ego
608 2013 705 2065 vester
729 2022 811 2082 agam
824 2050 833 2083 ‚
857 2004 983 2064 sortasse
1006 2005 1151 2084 requiret.

193 2103 227 2152 30
286 2091 365 2152 Talia
389 2111 441 2153 vos
463 2092 505 2153 illi
529 2093 653 2153 reddere
677 2091 766 2153 verba
789 2090 871 2152 velo:

241 2175 333 2241 ‘vivit
356 2179 451 2241 adhue
475 2184 621 2259 vitamque
644 2179 698 2241 tihi
721 2179 829 2240 debere
852 2179 980 2260 fatetur,

285 2268 378 2338 Quam
401 2270 483 2347 prius
507 2287 523 2328 a
546 2271 610 2329 miti
634 2267 757 2329 Caesare
781 2285 890 2328 munus
912 2265 1020 2329 habet:

240 2355 282 2415 Te
306 2355 361 2416 sihi
374 2404 383 2437 ‚
407 2375 474 2418 cum
497 2357 635 2436 fugeret,
658 2357 782 2416 memori
805 2354 880 2416 solet
903 2373 955 2416 ere
978 2354 1092 2416 referre

285 2443 439 2506 Barbariae
464 2453 542 2506 tutas
566 2444 734 2505 exhibuisse
758 2445 837 2505 vias:

193 2544 225 2592 35
241 2531 389 2611 Sanguine
412 2533 577 2594 Bistonium
601 2531 679 2610 qued
703 2549 762 2592 nen
786 2532 961 2611 tepefecerit
983 2549 1102 2610 ensem,

283 2621 427 2682 Eiieetum
451 2639 522 2682 eura
545 2622 674 2700 pectoris
699 2637 763 2680 esse
787 2621 848 2681 tui:
874 2663 876 2667 ψ

240 2708 344 2768 Addita
367 2718 521 2788 praeterea
544 2711 618 2770 vitae
643 2726 760 2787 quoque
784 2707 875 2769 multe
898 2706 1026 2768 tuendae

283 2796 427 2876 Munera,
450 2815 487 2857 ne
510 2799 645 2877 proprias
668 2802 835 2857 attenuaret
857 2813 946 2874 opes.

240 2883 297 2942 Pro
321 2882 429 2961 quihus
453 2893 487 2944 ut
509 2887 622 2945 meritis
645 2884 792 2945 referatur
814 2886 931 2964 gretia,
953 2885 1031 2944 iuret

190 2983 224 3033 40
284 2970 321 3032 Se
346 2972 409 3031 iore
432 2975 571 3051 mancipii
593 2981 710 3051 tempus
733 2974 764 3033 in
787 2989 874 3032 omne
899 2973 959 3033 tui.

239 3059 311 3120 Nam
333 3061 417 3139 prius
441 3059 579 3121 umbrosa
603 3063 749 3122 carituros
772 3058 878 3121 arbore
901 3066 1034 3137 montes,

283 3147 319 3209 Et
342 3149 417 3208 irete
440 3147 576 3209 velivolas
600 3166 659 3209 non
682 3147 818 3209 habitura
841 3155 939 3228 rates,

151 3260 155 3267 ·
238 3236 429 3316 Fluminaque
452 3239 482 3296 in
506 3237 602 3297 ionies
625 3255 715 3298 eursu
738 3235 871 3296 reditura
894 3237 1017 3315 supino,

283 3323 380 3384 Gratia
404 3343 492 3403 quam
515 3326 614 3386 meriti
636 3326 731 3404 possit
753 3323 835 3384 abire
859 3318 937 3386 tui.'

190 3421 222 3469 45
238 3410 317 3470 iiaec
340 3412 391 3471 ubi
415 3412 571 3493 dixeritis,
594 3420 692 3473 servet
715 3430 767 3472 sua
791 3411 867 3473 dona
880 3460 889 3493 ,
912 3417 1029 3491 rogate.

284 3497 333 3556 Sic
357 3499 447 3560 inerit
470 3509 584 3561 vestrae
608 3518 695 3562 eausa
718 3507 837 3580 peraeta
860 3502 941 3561 viae.
1031 3580 1033 3584 .
