2386 3892
157 178 222 244 162
567 176 617 226 nx
634 174 753 226 rouro

289 342 430 403 Eiusdem
454 343 531 401 sacri
554 339 650 400 cultor
673 347 800 419 uterque
824 357 945 401 sumus.

196 444 229 493 65
245 430 287 490 dd
312 439 407 490 vatem
430 437 511 489 vates
536 431 648 488 orantia
672 427 791 488 brachia
815 426 923 508 tendo,

290 518 381 578 Terra
407 520 445 577 sit
468 516 562 577 exiliis
585 524 619 576 ut
643 524 692 575 tua
717 516 772 575 fida
797 517 889 576 meis,

244 607 308 667 Non
334 624 388 684 ego
413 605 501 666 caede
525 621 636 664 nocens
660 607 691 663 in
714 606 804 664 Ponti
825 603 913 664 litora
937 605 1023 686 veni,

289 695 412 755 Mixtave
436 700 506 754 sont
530 699 630 751 nostra
654 691 718 751 dira
742 709 853 752 venena
878 709 986 752 manu:

245 783 306 843 Neo
330 800 395 842 mea
418 781 552 842 subiecta
576 782 709 840 convicta
732 788 778 840 est
800 797 915 858 gemma
939 779 1046 840 tabella

198 884 230 932 70
289 871 460 931 Mendacem
482 869 550 929 iinis
573 870 751 946 imposuisse
775 876 893 928 notam.

245 959 306 1019 Nec
329 960 487 1036 quicquam
500 1004 509 1035 ‚
533 956 611 1034 quod
635 956 698 1034 lege
722 964 806 1016 vetor
830 957 1040 1038 committere,
1065 957 1139 1018 ieci:

289 1046 343 1106 Est
366 1055 463 1106 tamen
488 1045 534 1104 his
558 1047 673 1122 gravior
697 1062 773 1104 noxa
796 1043 914 1104 fatenda
937 1044 1027 1105 mihi.

245 1135 323 1195 Neve
339 1153 440 1214 roges,
456 1151 530 1212 quae
546 1134 599 1193 sit.
628 1132 746 1194 stultam
762 1149 849 1210 quam
864 1133 1039 1211 scripsimus
1051 1134 1157 1214 Artem,

289 1223 433 1282 innocuas
458 1221 543 1281 nobis
566 1221 638 1280 haec
663 1229 741 1281 vetat
764 1238 829 1280 esse
853 1237 977 1282 manus.

198 1322 230 1372 75
246 1311 360 1391 Ecquid
384 1318 537 1390 praeterea
560 1311 729 1388 peccarim,
753 1326 896 1388 quaerere
920 1308 1000 1390 noli,
1118 1320 1155 1373 te)

293 1399 331 1459 Ut
352 1398 440 1459 lateat
463 1398 523 1458 sola
547 1397 631 1475 culpa
655 1396 711 1456 sub
735 1396 805 1456 Arte
830 1414 912 1457 mea.

246 1487 393 1565 Quidquid
417 1488 447 1546 id
471 1493 517 1546 est
530 1533 538 1564 ,
561 1485 664 1545 habuit
687 1484 867 1545 moderatam
890 1483 1017 1546 vindicis
1039 1487 1125 1566 iram,

291 1575 347 1645 Qui
370 1576 429 1634 nisi
452 1573 578 1634 natalem
600 1573 642 1632 nil
665 1572 737 1632 mihi
760 1573 887 1651 dempsit
909 1572 1051 1634 humum.

246 1663 306 1722 Hac
331 1663 469 1740 quoniam
493 1679 601 1738 careo,
625 1669 675 1721 tua
698 1678 779 1721 nunc
801 1660 908 1721 vicinia
931 1669 1078 1742 praestet,

199 1763 232 1812 80
290 1749 386 1810 inviso
410 1750 521 1828 possim
545 1757 628 1809 tutus
652 1757 685 1810 ut
708 1766 774 1810 esse
797 1748 879 1808 loco.

639 1941 681 2014 X.

246 2099 359 2178 Ecquid
384 2100 419 2160 ab
443 2103 604 2178 impressae
629 2103 784 2179 cognoscis
807 2102 934 2180 imagine
958 2119 1043 2163 cerae

290 2188 368 2248 Haec
392 2188 446 2249 tihi
469 2189 616 2249 Nasonem
640 2188 772 2249 scribere
795 2189 884 2249 verba
897 2235 906 2270 ,
929 2187 1052 2251 Macer?

247 2276 442 2355 ductorisque
467 2279 513 2337 sui
537 2279 562 2337 si
585 2295 645 2336 non
668 2283 714 2337 est
737 2277 842 2338 anulus
865 2276 974 2358 index,

290 2365 450 2444 Cognitane
475 2373 521 2425 est
544 2374 645 2425 nostra
667 2364 765 2424 littera
788 2365 864 2425 facta
888 2361 1005 2427 manu?

216 2455 289 2514 ndu
313 2455 367 2514 tibi
390 2457 523 2515 notitiam
547 2471 627 2512 mora
651 2455 793 2531 temporis
816 2454 905 2532 eripit
927 2453 1050 2532 horum,

289 2543 350 2603 Nec
374 2550 515 2622 repetunt
538 2541 615 2600 ocnii
639 2543 721 2619 signa
744 2548 859 2601 vetusta
883 2537 954 2602 tui?

248 2631 295 2690 Sis
319 2631 387 2691 licet
411 2631 520 2690 oblitus
543 2630 654 2707 pariter
676 2646 867 2708 gemmaeque
891 2647 1054 2708 manusque
1062 2675 1072 2708 ,

291 2718 441 2778 Exciderit
463 2725 576 2779 tantum
602 2735 638 2777 ne
661 2717 716 2777 tibi
739 2735 811 2778 cura
834 2719 908 2778 mei.

248 2805 341 2875 Quam
364 2815 396 2865 tu
420 2806 465 2866 vel
487 2806 567 2883 longi
590 2804 681 2866 debes
705 2805 888 2866 convictibus
911 2807 992 2886 aevi,

200 2906 233 2955 10
292 2892 343 2953 Vel
367 2911 430 2952 mea
454 2893 533 2971 quod
557 2896 684 2954 coniunx
708 2910 768 2953 non
791 2893 885 2954 aliena
909 2893 982 2975 tibi,

247 2981 298 3041 Vel
321 2979 449 3058 studiis,
472 2980 580 3058 quihus
604 3000 655 3060 es,
679 2999 766 3061 quem
790 2999 863 3062 nos,
888 2982 1051 3061 sapientius
1074 2997 1154 3061 usus,

290 3069 387 3147 thue
411 3068 497 3128 decet
509 3115 518 3148 ‚
542 3068 620 3129 nulla
644 3070 740 3130 iactus
764 3087 795 3129 es
819 3070 890 3130 Arte
915 3087 1043 3131 nocens.

247 3159 292 3219 Tu
317 3160 397 3218 canis
420 3165 540 3217 aeterno
566 3157 707 3236 quidquid
732 3156 861 3218 restabat
883 3157 1031 3239 Homero,

289 3247 332 3306 Ne
357 3254 476 3306 careant
499 3263 613 3306 summa
636 3245 741 3305 Troica
764 3244 840 3305 bella
863 3264 970 3307 manu.

200 3345 232 3393 15
246 3335 323 3395 Naso
347 3352 452 3412 parum
474 3334 629 3413 prudens,
653 3341 746 3393 artem
770 3333 839 3394 dum
863 3334 954 3395 tradit
977 3331 1106 3414 amendi,

291 3422 446 3482 Doctrinae
471 3424 599 3501 pretium
623 3423 707 3481 triste
731 3423 871 3500 magister
894 3421 1000 3485 habet.

249 3507 324 3569 Sunt
347 3519 444 3569 tamen
467 3512 546 3570 inter
570 3527 601 3571 se
626 3511 791 3569 communia
815 3528 898 3571 sacra
920 3512 1035 3592 poetis,
1114 3516 1148 3569 (n)
