<?xml version="1.0" encoding="UTF-8"?>
<!DOCTYPE html PUBLIC "-//W3C//DTD XHTML 1.0 Transitional//EN"
    "http://www.w3.org/TR/xhtml1/DTD/xhtml1-transitional.dtd">
<html xmlns="http://www.w3.org/1999/xhtml" xml:lang="en" lang="en">
 <head>
  <title>
</title>
<meta http-equiv="Content-Type" content="text/html;charset=utf-8" />
  <meta name='ocr-system' content='tesseract 3.04.00' />
  <meta name='ocr-capabilities' content='ocr_page ocr_carea ocr_par ocr_line ocrx_word'/>
</head>
<body>
  <div class='ocr_page' id='page_1' title='image "./ovidiusexiterat00ovidgoog_0089.png"; bbox 0 0 2386 3892; ppageno 0'>
   <div class='ocr_carea' id='block_1_1' title="bbox 549 119 719 169">
    <p class='ocr_par' dir='ltr' id='par_1_1' title="bbox 549 119 719 169">
     <span class='ocr_line' id='line_1_1' title="bbox 549 119 719 169; baseline 0 -1"><span class='ocrx_word' id='word_1_1' title='bbox 549 119 719 169; x_wconf 86' lang='lat' dir='ltr'><strong>TRISTIUM</strong></span> 
     </span>
    </p>
   </div>
   <div class='ocr_carea' id='block_1_2' title="bbox 448 308 821 568">
    <p class='ocr_par' dir='ltr' id='par_1_2' title="bbox 448 308 821 568">
     <span class='ocr_line' id='line_1_2' title="bbox 448 308 821 393; baseline 0 -3"><span class='ocrx_word' id='word_1_2' title='bbox 448 308 586 390; x_wconf 84' lang='lat' dir='ltr'><strong>LIBER</strong></span> <span class='ocrx_word' id='word_1_3' title='bbox 614 308 821 393; x_wconf 77' lang='lat' dir='ltr'><strong>TERTIUS.</strong></span> 
     </span>
     <span class='ocr_line' id='line_1_3' title="bbox 623 492 652 568; baseline 0.138 -4"><span class='ocrx_word' id='word_1_4' title='bbox 623 492 652 568; x_wconf 90' lang='grc' dir='ltr'><strong>Ι.</strong></span> 
     </span>
    </p>
   </div>
   <div class='ocr_carea' id='block_1_3' title="bbox 171 629 1143 3528">
    <p class='ocr_par' dir='ltr' id='par_1_3' title="bbox 171 629 1143 3528">
     <span class='ocr_line' id='line_1_4' title="bbox 225 629 1140 715; baseline 0.003 -21"><span class='ocrx_word' id='word_1_5' title='bbox 225 629 342 695; x_wconf 77' lang='lat' dir='ltr'><strong>‘Missus</strong></span> <span class='ocrx_word' id='word_1_6' title='bbox 364 635 396 695; x_wconf 94' lang='lat' dir='ltr'><strong>in</strong></span> <span class='ocrx_word' id='word_1_7' title='bbox 418 632 494 694; x_wconf 89' lang='lat' dir='ltr'><strong>banc</strong></span> <span class='ocrx_word' id='word_1_8' title='bbox 517 634 603 694; x_wconf 89' lang='lat' dir='ltr'><strong>venio</strong></span> <span class='ocrx_word' id='word_1_9' title='bbox 627 632 751 713; x_wconf 90' lang='lat' dir='ltr'><strong>timide,</strong></span> <span class='ocrx_word' id='word_1_10' title='bbox 779 631 854 694; x_wconf 91' lang='lat' dir='ltr'><strong>liber</strong></span> <span class='ocrx_word' id='word_1_11' title='bbox 877 632 996 715; x_wconf 83' lang='lat' dir='ltr'><strong>exulis,</strong></span> <span class='ocrx_word' id='word_1_12' title='bbox 1018 634 1140 698; x_wconf 89' lang='lat' dir='ltr'><strong>urbem:</strong></span> 
     </span>
     <span class='ocr_line' id='line_1_5' title="bbox 223 720 969 804; baseline 0.001 -23"><span class='ocrx_word' id='word_1_13' title='bbox 223 721 264 782; x_wconf 84' lang='lat' dir='ltr'><strong>lla</strong></span> <span class='ocrx_word' id='word_1_14' title='bbox 287 722 431 802; x_wconf 81' lang='lat' dir='ltr'><strong>placidam</strong></span> <span class='ocrx_word' id='word_1_15' title='bbox 454 723 554 802; x_wconf 86' lang='lat' dir='ltr'><strong>fosso,</strong></span> <span class='ocrx_word' id='word_1_16' title='bbox 577 720 671 782; x_wconf 88' lang='lat' dir='ltr'><strong>lector</strong></span> <span class='ocrx_word' id='word_1_17' title='bbox 694 723 809 801; x_wconf 89' lang='lat' dir='ltr'><strong>amice,</strong></span> <span class='ocrx_word' id='word_1_18' title='bbox 833 738 969 804; x_wconf 83' lang='lat' dir='ltr'><strong>manum3</strong></span> 
     </span>
     <span class='ocr_line' id='line_1_6' title="bbox 223 808 973 893; baseline 0.004 -25"><span class='ocrx_word' id='word_1_19' title='bbox 223 809 302 870; x_wconf 86' lang='lat' dir='ltr'><strong>Neve</strong></span> <span class='ocrx_word' id='word_1_20' title='bbox 326 810 507 892; x_wconf 83' lang='lat' dir='ltr'><strong>reformida,</strong></span> <span class='ocrx_word' id='word_1_21' title='bbox 529 827 566 870; x_wconf 92' lang='lat' dir='ltr'><strong>na</strong></span> <span class='ocrx_word' id='word_1_22' title='bbox 591 811 647 870; x_wconf 89' lang='lat' dir='ltr'><strong>sim</strong></span> <span class='ocrx_word' id='word_1_23' title='bbox 669 808 724 870; x_wconf 91' lang='lat' dir='ltr'><strong>tibi</strong></span> <span class='ocrx_word' id='word_1_24' title='bbox 747 809 823 870; x_wconf 85' lang='lat' dir='ltr'><strong>forte</strong></span> <span class='ocrx_word' id='word_1_25' title='bbox 847 810 973 893; x_wconf 85' lang='lat' dir='ltr'><strong>pudori:</strong></span> 
     </span>
     <span class='ocr_line' id='line_1_7' title="bbox 223 896 959 959; baseline 0.004 -3"><span class='ocrx_word' id='word_1_26' title='bbox 223 898 327 958; x_wconf 91' lang='lat' dir='ltr'><strong>Nullus</strong></span> <span class='ocrx_word' id='word_1_27' title='bbox 350 901 381 958; x_wconf 97' lang='lat' dir='ltr'><strong>in</strong></span> <span class='ocrx_word' id='word_1_28' title='bbox 404 898 459 958; x_wconf 91' lang='lat' dir='ltr'><strong>hac</strong></span> <span class='ocrx_word' id='word_1_29' title='bbox 482 896 584 958; x_wconf 86' lang='lat' dir='ltr'><strong>charta</strong></span> <span class='ocrx_word' id='word_1_30' title='bbox 606 915 710 958; x_wconf 84' lang='lat' dir='ltr'><strong>versus</strong></span> <span class='ocrx_word' id='word_1_31' title='bbox 734 914 831 958; x_wconf 90' lang='lat' dir='ltr'><strong>amare</strong></span> <span class='ocrx_word' id='word_1_32' title='bbox 856 896 959 959; x_wconf 89' lang='lat' dir='ltr'><strong>docet.</strong></span> 
     </span>
     <span class='ocr_line' id='line_1_8' title="bbox 193 984 1037 1067; baseline 0.002 -22"><span class='ocrx_word' id='word_1_33' title='bbox 193 984 302 1046; x_wconf 83' lang='lat' dir='ltr'><strong>ollaec</strong></span> <span class='ocrx_word' id='word_1_34' title='bbox 326 986 437 1046; x_wconf 93' lang='lat' dir='ltr'><strong>domini</strong></span> <span class='ocrx_word' id='word_1_35' title='bbox 459 987 577 1046; x_wconf 82' lang='lat' dir='ltr'><strong>fortuna</strong></span> <span class='ocrx_word' id='word_1_36' title='bbox 600 987 659 1047; x_wconf 90' lang='lat' dir='ltr'><strong>mei</strong></span> <span class='ocrx_word' id='word_1_37' title='bbox 682 992 749 1067; x_wconf 88' lang='lat' dir='ltr'><strong>est,</strong></span> <span class='ocrx_word' id='word_1_38' title='bbox 772 994 807 1047; x_wconf 91' lang='lat' dir='ltr'><strong>ut</strong></span> <span class='ocrx_word' id='word_1_39' title='bbox 829 985 936 1047; x_wconf 86' lang='lat' dir='ltr'><strong>debeat</strong></span> <span class='ocrx_word' id='word_1_40' title='bbox 957 984 1037 1047; x_wconf 92' lang='lat' dir='ltr'><strong>illam</strong></span> 
     </span>
     <span class='ocr_line' id='line_1_9' title="bbox 223 1072 761 1136; baseline 0.006 -3"><span class='ocrx_word' id='word_1_41' title='bbox 223 1072 327 1133; x_wconf 81' lang='lat' dir='ltr'><strong>Infelix</strong></span> <span class='ocrx_word' id='word_1_42' title='bbox 351 1073 439 1134; x_wconf 91' lang='lat' dir='ltr'><strong>nullis</strong></span> <span class='ocrx_word' id='word_1_43' title='bbox 463 1073 648 1135; x_wconf 82' lang='lat' dir='ltr'><strong>dissimulare</strong></span> <span class='ocrx_word' id='word_1_44' title='bbox 671 1075 761 1136; x_wconf 76' lang='lat' dir='ltr'><strong>iocis,</strong></span> 
     </span>
     <span class='ocr_line' id='line_1_10' title="bbox 222 1160 1142 1244; baseline 0.003 -24"><span class='ocrx_word' id='word_1_45' title='bbox 222 1160 255 1220; x_wconf 94' lang='lat' dir='ltr'><strong>Id</strong></span> <span class='ocrx_word' id='word_1_46' title='bbox 280 1181 421 1244; x_wconf 86' lang='lat' dir='ltr'><strong>quoque,</strong></span> <span class='ocrx_word' id='word_1_47' title='bbox 445 1162 523 1242; x_wconf 90' lang='lat' dir='ltr'><strong>quod</strong></span> <span class='ocrx_word' id='word_1_48' title='bbox 542 1162 629 1223; x_wconf 88' lang='lat' dir='ltr'><strong>viridi</strong></span> <span class='ocrx_word' id='word_1_49' title='bbox 648 1161 795 1241; x_wconf 85' lang='lat' dir='ltr'><strong>quondam</strong></span> <span class='ocrx_word' id='word_1_50' title='bbox 815 1161 890 1222; x_wconf 86' lang='lat' dir='ltr'><strong>male</strong></span> <span class='ocrx_word' id='word_1_51' title='bbox 912 1161 984 1223; x_wconf 89' lang='lat' dir='ltr'><strong>lusit</strong></span> <span class='ocrx_word' id='word_1_52' title='bbox 1002 1164 1033 1222; x_wconf 94' lang='lat' dir='ltr'><strong>in</strong></span> <span class='ocrx_word' id='word_1_53' title='bbox 1052 1180 1142 1242; x_wconf 92' lang='lat' dir='ltr'><strong>aevo,</strong></span> 
     </span>
     <span class='ocr_line' id='line_1_11' title="bbox 222 1247 943 1330; baseline 0.003 -21"><span class='ocrx_word' id='word_1_54' title='bbox 222 1247 287 1310; x_wconf 85' lang='lat' dir='ltr'><strong>Heu</strong></span> <span class='ocrx_word' id='word_1_55' title='bbox 311 1252 435 1311; x_wconf 90' lang='lat' dir='ltr'><strong>nimium</strong></span> <span class='ocrx_word' id='word_1_56' title='bbox 459 1249 547 1311; x_wconf 85' lang='lat' dir='ltr'><strong>saro!</strong></span> <span class='ocrx_word' id='word_1_57' title='bbox 571 1250 690 1311; x_wconf 89' lang='lat' dir='ltr'><strong>damnat</strong></span> <span class='ocrx_word' id='word_1_58' title='bbox 712 1260 743 1311; x_wconf 92' lang='lat' dir='ltr'><strong>et</strong></span> <span class='ocrx_word' id='word_1_59' title='bbox 765 1249 827 1311; x_wconf 92' lang='lat' dir='ltr'><strong>odit</strong></span> <span class='ocrx_word' id='word_1_60' title='bbox 850 1268 943 1330; x_wconf 91' lang='lat' dir='ltr'><strong>opus.</strong></span> 
     </span>
     <span class='ocr_line' id='line_1_12' title="bbox 222 1336 1143 1420; baseline 0.003 -24"><span class='ocrx_word' id='word_1_61' title='bbox 222 1336 359 1418; x_wconf 86' lang='lat' dir='ltr'><strong>Inspice,</strong></span> <span class='ocrx_word' id='word_1_62' title='bbox 384 1340 454 1418; x_wconf 84' lang='lat' dir='ltr'><strong>quid</strong></span> <span class='ocrx_word' id='word_1_63' title='bbox 478 1338 615 1418; x_wconf 86' lang='lat' dir='ltr'><strong>portem!</strong></span> <span class='ocrx_word' id='word_1_64' title='bbox 648 1338 721 1399; x_wconf 91' lang='lat' dir='ltr'><strong>nihil</strong></span> <span class='ocrx_word' id='word_1_65' title='bbox 749 1338 797 1398; x_wconf 92' lang='lat' dir='ltr'><strong>bic</strong></span> <span class='ocrx_word' id='word_1_66' title='bbox 820 1339 879 1399; x_wconf 89' lang='lat' dir='ltr'><strong>nisi</strong></span> <span class='ocrx_word' id='word_1_67' title='bbox 901 1340 987 1400; x_wconf 89' lang='lat' dir='ltr'><strong>triste</strong></span> <span class='ocrx_word' id='word_1_68' title='bbox 1010 1337 1143 1420; x_wconf 90' lang='lat' dir='ltr'><strong>videbis,</strong></span> 
     </span>
     <span class='ocr_line' id='line_1_13' title="bbox 176 1423 883 1506; baseline 0.003 -22"><span class='ocrx_word' id='word_1_69' title='bbox 176 1435 207 1484; x_wconf 85' lang='lat'><strong>10</strong></span> <span class='ocrx_word' id='word_1_70' title='bbox 223 1424 357 1486; x_wconf 81' lang='lat' dir='ltr'><strong>Carmine</strong></span> <span class='ocrx_word' id='word_1_71' title='bbox 381 1426 564 1506; x_wconf 80' lang='lat' dir='ltr'><strong>temporibus</strong></span> <span class='ocrx_word' id='word_1_72' title='bbox 588 1423 780 1487; x_wconf 83' lang='lat' dir='ltr'><strong>conveniente</strong></span> <span class='ocrx_word' id='word_1_73' title='bbox 804 1428 883 1487; x_wconf 88' lang='lat' dir='ltr'><strong>suis.</strong></span> 
     </span>
     <span class='ocr_line' id='line_1_14' title="bbox 223 1512 1035 1597; baseline 0.002 -24"><span class='ocrx_word' id='word_1_74' title='bbox 223 1512 332 1574; x_wconf 86' lang='lat' dir='ltr'><strong>Clauda</strong></span> <span class='ocrx_word' id='word_1_75' title='bbox 355 1514 434 1591; x_wconf 92' lang='lat' dir='ltr'><strong>quod</strong></span> <span class='ocrx_word' id='word_1_76' title='bbox 458 1514 570 1574; x_wconf 89' lang='lat' dir='ltr'><strong>alterno</strong></span> <span class='ocrx_word' id='word_1_77' title='bbox 594 1514 752 1575; x_wconf 91' lang='lat' dir='ltr'><strong>subsidunt</strong></span> <span class='ocrx_word' id='word_1_78' title='bbox 776 1516 905 1574; x_wconf 90' lang='lat' dir='ltr'><strong>carmina</strong></span> <span class='ocrx_word' id='word_1_79' title='bbox 928 1532 1035 1597; x_wconf 89' lang='lat' dir='ltr'><strong>versu,</strong></span> 
     </span>
     <span class='ocr_line' id='line_1_15' title="bbox 222 1599 935 1682; baseline 0.004 -23"><span class='ocrx_word' id='word_1_80' title='bbox 222 1599 273 1661; x_wconf 89' lang='lat' dir='ltr'><strong>Vel</strong></span> <span class='ocrx_word' id='word_1_81' title='bbox 297 1600 380 1680; x_wconf 91' lang='lat' dir='ltr'><strong>pedis</strong></span> <span class='ocrx_word' id='word_1_82' title='bbox 404 1601 460 1662; x_wconf 91' lang='lat' dir='ltr'><strong>boo</strong></span> <span class='ocrx_word' id='word_1_83' title='bbox 484 1604 559 1663; x_wconf 89' lang='lat' dir='ltr'><strong>ratio</strong></span> <span class='ocrx_word' id='word_1_84' title='bbox 572 1649 581 1681; x_wconf 96' lang='lat'><strong>,</strong></span> <span class='ocrx_word' id='word_1_85' title='bbox 604 1603 651 1662; x_wconf 90' lang='lat' dir='ltr'><strong>vel</strong></span> <span class='ocrx_word' id='word_1_86' title='bbox 672 1605 718 1662; x_wconf 88' lang='lat' dir='ltr'><strong>via</strong></span> <span class='ocrx_word' id='word_1_87' title='bbox 741 1602 827 1680; x_wconf 78' lang='lat' dir='ltr'><strong>longa</strong></span> <span class='ocrx_word' id='word_1_88' title='bbox 850 1603 935 1682; x_wconf 81' lang='lat' dir='ltr'><strong>iacit3</strong></span> 
     </span>
     <span class='ocr_line' id='line_1_16' title="bbox 223 1688 1081 1772; baseline 0.002 -24"><span class='ocrx_word' id='word_1_89' title='bbox 223 1688 308 1758; x_wconf 82' lang='lat' dir='ltr'><strong>Quod</strong></span> <span class='ocrx_word' id='word_1_90' title='bbox 332 1707 428 1768; x_wconf 87' lang='lat' dir='ltr'><strong>neque</strong></span> <span class='ocrx_word' id='word_1_91' title='bbox 452 1707 518 1750; x_wconf 92' lang='lat' dir='ltr'><strong>sum</strong></span> <span class='ocrx_word' id='word_1_92' title='bbox 542 1690 630 1750; x_wconf 87' lang='lat' dir='ltr'><strong>cedro</strong></span> <span class='ocrx_word' id='word_1_93' title='bbox 654 1690 746 1750; x_wconf 88' lang='lat' dir='ltr'><strong>llavus</strong></span> <span class='ocrx_word' id='word_1_94' title='bbox 769 1707 826 1750; x_wconf 87' lang='lat' dir='ltr'><strong>neo</strong></span> <span class='ocrx_word' id='word_1_95' title='bbox 848 1691 966 1768; x_wconf 86' lang='lat' dir='ltr'><strong>pumice</strong></span> <span class='ocrx_word' id='word_1_96' title='bbox 989 1689 1081 1772; x_wconf 84' lang='lat' dir='ltr'><strong>levis,</strong></span> 
     </span>
     <span class='ocr_line' id='line_1_17' title="bbox 222 1775 808 1858; baseline 0.003 -23"><span class='ocrx_word' id='word_1_97' title='bbox 222 1775 337 1836; x_wconf 84' lang='lat' dir='ltr'><strong>Erubui</strong></span> <span class='ocrx_word' id='word_1_98' title='bbox 360 1778 478 1838; x_wconf 93' lang='lat' dir='ltr'><strong>domino</strong></span> <span class='ocrx_word' id='word_1_99' title='bbox 502 1777 609 1839; x_wconf 91' lang='lat' dir='ltr'><strong>cultior</strong></span> <span class='ocrx_word' id='word_1_100' title='bbox 632 1795 697 1838; x_wconf 86' lang='lat' dir='ltr'><strong>esse</strong></span> <span class='ocrx_word' id='word_1_101' title='bbox 721 1795 808 1858; x_wconf 86' lang='lat' dir='ltr'><strong>mco;</strong></span> 
     </span>
     <span class='ocr_line' id='line_1_18' title="bbox 176 1863 1012 1946; baseline 0.006 -25"><span class='ocrx_word' id='word_1_102' title='bbox 176 1874 206 1922; x_wconf 78' lang='lat'><strong>15</strong></span> <span class='ocrx_word' id='word_1_103' title='bbox 222 1863 333 1925; x_wconf 82' lang='lat' dir='ltr'><strong>Littera</strong></span> <span class='ocrx_word' id='word_1_104' title='bbox 356 1866 482 1926; x_wconf 88' lang='lat' dir='ltr'><strong>suliusas</strong></span> <span class='ocrx_word' id='word_1_105' title='bbox 505 1866 584 1944; x_wconf 91' lang='lat' dir='ltr'><strong>quod</strong></span> <span class='ocrx_word' id='word_1_106' title='bbox 607 1865 697 1927; x_wconf 89' lang='lat' dir='ltr'><strong>babet</strong></span> <span class='ocrx_word' id='word_1_107' title='bbox 720 1865 866 1926; x_wconf 89' lang='lat' dir='ltr'><strong>maculosa</strong></span> <span class='ocrx_word' id='word_1_108' title='bbox 890 1864 1012 1946; x_wconf 90' lang='lat' dir='ltr'><strong>lituras,</strong></span> 
     </span>
     <span class='ocr_line' id='line_1_19' title="bbox 221 1951 891 2033; baseline 0.007 -23"><span class='ocrx_word' id='word_1_109' title='bbox 221 1951 320 2013; x_wconf 87' lang='lat' dir='ltr'><strong>Laesit</strong></span> <span class='ocrx_word' id='word_1_110' title='bbox 342 1971 416 2032; x_wconf 92' lang='lat' dir='ltr'><strong>opus</strong></span> <span class='ocrx_word' id='word_1_111' title='bbox 439 1953 568 2014; x_wconf 82' lang='lat' dir='ltr'><strong>lacrimis</strong></span> <span class='ocrx_word' id='word_1_112' title='bbox 590 1956 655 2033; x_wconf 83' lang='lat' dir='ltr'><strong>ipsa</strong></span> <span class='ocrx_word' id='word_1_113' title='bbox 678 1960 765 2032; x_wconf 88' lang='lat' dir='ltr'><strong>pocta</strong></span> <span class='ocrx_word' id='word_1_114' title='bbox 787 1971 891 2015; x_wconf 91' lang='lat' dir='ltr'><strong>suum.</strong></span> 
     </span>
     <span class='ocr_line' id='line_1_20' title="bbox 223 2038 935 2124; baseline 0.006 -26"><span class='ocrx_word' id='word_1_115' title='bbox 223 2038 313 2118; x_wconf 90' lang='lat' dir='ltr'><strong>Siqua</strong></span> <span class='ocrx_word' id='word_1_116' title='bbox 335 2039 514 2101; x_wconf 87' lang='lat' dir='ltr'><strong>videbuntur</strong></span> <span class='ocrx_word' id='word_1_117' title='bbox 537 2059 608 2102; x_wconf 93' lang='lat' dir='ltr'><strong>casu</strong></span> <span class='ocrx_word' id='word_1_118' title='bbox 631 2058 690 2101; x_wconf 90' lang='lat' dir='ltr'><strong>non</strong></span> <span class='ocrx_word' id='word_1_119' title='bbox 714 2042 791 2101; x_wconf 91' lang='lat' dir='ltr'><strong>dicta</strong></span> <span class='ocrx_word' id='word_1_120' title='bbox 814 2040 935 2124; x_wconf 88' lang='lat' dir='ltr'><strong>Latine,</strong></span> 
     </span>
     <span class='ocr_line' id='line_1_21' title="bbox 222 2127 876 2208; baseline 0.005 -22"><span class='ocrx_word' id='word_1_121' title='bbox 222 2127 255 2187; x_wconf 97' lang='lat' dir='ltr'><strong>In</strong></span> <span class='ocrx_word' id='word_1_122' title='bbox 279 2146 335 2206; x_wconf 90' lang='lat' dir='ltr'><strong>qua</strong></span> <span class='ocrx_word' id='word_1_123' title='bbox 359 2128 508 2190; x_wconf 88' lang='lat' dir='ltr'><strong>scribebat</strong></span> <span class='ocrx_word' id='word_1_124' title='bbox 520 2175 529 2208; x_wconf 93' lang='lat'><strong>,</strong></span> <span class='ocrx_word' id='word_1_125' title='bbox 553 2128 676 2189; x_wconf 87' lang='lat' dir='ltr'><strong>barbara</strong></span> <span class='ocrx_word' id='word_1_126' title='bbox 700 2137 780 2189; x_wconf 89' lang='lat' dir='ltr'><strong>terra</strong></span> <span class='ocrx_word' id='word_1_127' title='bbox 803 2129 876 2189; x_wconf 89' lang='lat' dir='ltr'><strong>luit.</strong></span> 
     </span>
     <span class='ocr_line' id='line_1_22' title="bbox 222 2214 1091 2299; baseline 0.002 -25"><span class='ocrx_word' id='word_1_128' title='bbox 222 2214 337 2298; x_wconf 85' lang='lat' dir='ltr'><strong>Dicite,</strong></span> <span class='ocrx_word' id='word_1_129' title='bbox 360 2215 511 2298; x_wconf 87' lang='lat' dir='ltr'><strong>lectores,</strong></span> <span class='ocrx_word' id='word_1_130' title='bbox 534 2219 641 2277; x_wconf 92' lang='lat' dir='ltr'><strong>sinon</strong></span> <span class='ocrx_word' id='word_1_131' title='bbox 665 2234 774 2297; x_wconf 82' lang='lat' dir='ltr'><strong>grave,</strong></span> <span class='ocrx_word' id='word_1_132' title='bbox 799 2234 855 2295; x_wconf 87' lang='lat' dir='ltr'><strong>qua</strong></span> <span class='ocrx_word' id='word_1_133' title='bbox 879 2218 919 2277; x_wconf 90' lang='lat' dir='ltr'><strong>sit</strong></span> <span class='ocrx_word' id='word_1_134' title='bbox 940 2215 1091 2299; x_wconf 89' lang='lat' dir='ltr'><strong>eundum,</strong></span> 
     </span>
     <span class='ocr_line' id='line_1_23' title="bbox 174 2299 1006 2383; baseline 0.002 -21"><span class='ocrx_word' id='word_1_135' title='bbox 174 2315 206 2362; x_wconf 82' lang='lat'><strong>20</strong></span> <span class='ocrx_word' id='word_1_136' title='bbox 221 2302 360 2383; x_wconf 82' lang='lat' dir='ltr'><strong>Quasque</strong></span> <span class='ocrx_word' id='word_1_137' title='bbox 384 2313 482 2383; x_wconf 87' lang='lat' dir='ltr'><strong>petam</strong></span> <span class='ocrx_word' id='word_1_138' title='bbox 505 2304 591 2366; x_wconf 87' lang='lat' dir='ltr'><strong>sedes</strong></span> <span class='ocrx_word' id='word_1_139' title='bbox 614 2305 722 2383; x_wconf 88' lang='lat' dir='ltr'><strong>hospes</strong></span> <span class='ocrx_word' id='word_1_140' title='bbox 744 2307 777 2364; x_wconf 94' lang='lat' dir='ltr'><strong>in</strong></span> <span class='ocrx_word' id='word_1_141' title='bbox 799 2303 878 2364; x_wconf 87' lang='lat' dir='ltr'><strong>Urbe</strong></span> <span class='ocrx_word' id='word_1_142' title='bbox 902 2304 977 2364; x_wconf 90' lang='lat' dir='ltr'><strong>liber</strong></span> <span class='ocrx_word' id='word_1_143' title='bbox 988 2299 1006 2364; x_wconf 91' lang='lat'><strong>.&#39;</strong></span> 
     </span>
     <span class='ocr_line' id='line_1_24' title="bbox 221 2391 1037 2475; baseline 0.002 -24"><span class='ocrx_word' id='word_1_144' title='bbox 221 2391 299 2453; x_wconf 87' lang='lat' dir='ltr'><strong>Ilaec</strong></span> <span class='ocrx_word' id='word_1_145' title='bbox 323 2392 374 2453; x_wconf 90' lang='lat' dir='ltr'><strong>ubi</strong></span> <span class='ocrx_word' id='word_1_146' title='bbox 397 2411 463 2454; x_wconf 89' lang='lat' dir='ltr'><strong>sum</strong></span> <span class='ocrx_word' id='word_1_147' title='bbox 486 2394 589 2454; x_wconf 80' lang='lat' dir='ltr'><strong>furtim</strong></span> <span class='ocrx_word' id='word_1_148' title='bbox 611 2393 711 2470; x_wconf 85' lang='lat' dir='ltr'><strong>lingua</strong></span> <span class='ocrx_word' id='word_1_149' title='bbox 732 2391 879 2454; x_wconf 86' lang='lat' dir='ltr'><strong>titubante</strong></span> <span class='ocrx_word' id='word_1_150' title='bbox 902 2393 1037 2475; x_wconf 80' lang='lat' dir='ltr'><strong>locutus,</strong></span> 
     </span>
     <span class='ocr_line' id='line_1_25' title="bbox 221 2480 971 2561; baseline 0.003 -21"><span class='ocrx_word' id='word_1_151' title='bbox 221 2480 279 2550; x_wconf 86' lang='lat' dir='ltr'><strong>Qui</strong></span> <span class='ocrx_word' id='word_1_152' title='bbox 301 2480 374 2541; x_wconf 92' lang='lat' dir='ltr'><strong>mibi</strong></span> <span class='ocrx_word' id='word_1_153' title='bbox 397 2488 599 2561; x_wconf 90' lang='lat' dir='ltr'><strong>monstraret,</strong></span> <span class='ocrx_word' id='word_1_154' title='bbox 621 2482 669 2540; x_wconf 82' lang='lat' dir='ltr'><strong>vix</strong></span> <span class='ocrx_word' id='word_1_155' title='bbox 692 2481 750 2541; x_wconf 86' lang='lat' dir='ltr'><strong>fuit</strong></span> <span class='ocrx_word' id='word_1_156' title='bbox 772 2498 873 2560; x_wconf 89' lang='lat' dir='ltr'><strong>unus,</strong></span> <span class='ocrx_word' id='word_1_157' title='bbox 895 2481 971 2542; x_wconf 87' lang='lat' dir='ltr'><strong>iter.</strong></span> 
     </span>
     <span class='ocr_line' id='line_1_26' title="bbox 222 2564 1075 2648; baseline 0.001 -22"><span class='ocrx_word' id='word_1_158' title='bbox 222 2564 268 2627; x_wconf 82' lang='lat' dir='ltr'><strong>‘oi</strong></span> <span class='ocrx_word' id='word_1_159' title='bbox 292 2569 345 2629; x_wconf 90' lang='lat' dir='ltr'><strong>tibi</strong></span> <span class='ocrx_word' id='word_1_160' title='bbox 368 2570 440 2629; x_wconf 84' lang='lat' dir='ltr'><strong>dant</strong></span> <span class='ocrx_word' id='word_1_161' title='bbox 452 2616 461 2648; x_wconf 96' lang='lat'><strong>,</strong></span> <span class='ocrx_word' id='word_1_162' title='bbox 484 2577 587 2629; x_wconf 90' lang='lat' dir='ltr'><strong>nostro</strong></span> <span class='ocrx_word' id='word_1_163' title='bbox 611 2567 689 2647; x_wconf 91' lang='lat' dir='ltr'><strong>quod</strong></span> <span class='ocrx_word' id='word_1_164' title='bbox 712 2586 772 2628; x_wconf 92' lang='lat' dir='ltr'><strong>non</strong></span> <span class='ocrx_word' id='word_1_165' title='bbox 795 2567 928 2629; x_wconf 89' lang='lat' dir='ltr'><strong>tribuere</strong></span> <span class='ocrx_word' id='word_1_166' title='bbox 951 2575 1075 2648; x_wconf 89' lang='lat' dir='ltr'><strong>poetae,</strong></span> 
     </span>
     <span class='ocr_line' id='line_1_27' title="bbox 221 2654 841 2735; baseline 0.003 -21"><span class='ocrx_word' id='word_1_167' title='bbox 221 2654 347 2715; x_wconf 86' lang='lat' dir='ltr'><strong>Molliter</strong></span> <span class='ocrx_word' id='word_1_168' title='bbox 370 2658 402 2715; x_wconf 93' lang='lat' dir='ltr'><strong>in</strong></span> <span class='ocrx_word' id='word_1_169' title='bbox 424 2658 520 2735; x_wconf 91' lang='lat' dir='ltr'><strong>patria</strong></span> <span class='ocrx_word' id='word_1_170' title='bbox 542 2658 640 2716; x_wconf 86' lang='lat' dir='ltr'><strong>vivere</strong></span> <span class='ocrx_word' id='word_1_171' title='bbox 663 2674 751 2734; x_wconf 86' lang='lat' dir='ltr'><strong>posse</strong></span> <span class='ocrx_word' id='word_1_172' title='bbox 774 2655 841 2716; x_wconf 89' lang='lat' dir='ltr'><strong>tua!</strong></span> 
     </span>
     <span class='ocr_line' id='line_1_28' title="bbox 172 2739 1141 2826; baseline 0.003 -25"><span class='ocrx_word' id='word_1_173' title='bbox 172 2751 206 2801; x_wconf 77' lang='lat'><strong>25</strong></span> <span class='ocrx_word' id='word_1_174' title='bbox 222 2739 285 2802; x_wconf 83' lang='lat' dir='ltr'><strong>linc</strong></span> <span class='ocrx_word' id='word_1_175' title='bbox 304 2741 379 2820; x_wconf 83' lang='lat' dir='ltr'><strong>agel</strong></span> <span class='ocrx_word' id='word_1_176' title='bbox 402 2760 528 2821; x_wconf 89' lang='lat' dir='ltr'><strong>namque</strong></span> <span class='ocrx_word' id='word_1_177' title='bbox 548 2761 674 2826; x_wconf 86' lang='lat' dir='ltr'><strong>sequar,</strong></span> <span class='ocrx_word' id='word_1_178' title='bbox 695 2745 827 2822; x_wconf 86' lang='lat' dir='ltr'><strong>quamvis</strong></span> <span class='ocrx_word' id='word_1_179' title='bbox 846 2750 986 2822; x_wconf 84' lang='lat' dir='ltr'><strong>terraque</strong></span> <span class='ocrx_word' id='word_1_180' title='bbox 1005 2745 1141 2823; x_wconf 80' lang='lat' dir='ltr'><strong>marique</strong></span> 
     </span>
     <span class='ocr_line' id='line_1_29' title="bbox 221 2827 976 2910; baseline 0.004 -22"><span class='ocrx_word' id='word_1_181' title='bbox 221 2829 394 2909; x_wconf 81' lang='lat' dir='ltr'><strong>Longinquo</strong></span> <span class='ocrx_word' id='word_1_182' title='bbox 418 2831 545 2893; x_wconf 82' lang='lat' dir='ltr'><strong>referam</strong></span> <span class='ocrx_word' id='word_1_183' title='bbox 567 2830 662 2892; x_wconf 89' lang='lat' dir='ltr'><strong>lassus</strong></span> <span class='ocrx_word' id='word_1_184' title='bbox 685 2831 721 2892; x_wconf 92' lang='lat' dir='ltr'><strong>ab</strong></span> <span class='ocrx_word' id='word_1_185' title='bbox 744 2830 817 2891; x_wconf 85' lang='lat' dir='ltr'><strong>orbe</strong></span> <span class='ocrx_word' id='word_1_186' title='bbox 840 2827 976 2910; x_wconf 66' lang='lat' dir='ltr'><strong>pedam?</strong></span> 
     </span>
     <span class='ocr_line' id='line_1_30' title="bbox 220 2914 1140 3001; baseline 0.004 -25"><span class='ocrx_word' id='word_1_187' title='bbox 220 2917 344 3000; x_wconf 91' lang='lat' dir='ltr'><strong>Paruit,</strong></span> <span class='ocrx_word' id='word_1_188' title='bbox 368 2926 399 2979; x_wconf 90' lang='lat' dir='ltr'><strong>et</strong></span> <span class='ocrx_word' id='word_1_189' title='bbox 421 2918 533 2980; x_wconf 87' lang='lat' dir='ltr'><strong>ducens</strong></span> <span class='ocrx_word' id='word_1_190' title='bbox 557 2916 646 2981; x_wconf 80' lang='lat' dir='ltr'><strong>‘llaec</strong></span> <span class='ocrx_word' id='word_1_191' title='bbox 671 2928 741 2981; x_wconf 92' lang='lat' dir='ltr'><strong>sunt</strong></span> <span class='ocrx_word' id='word_1_192' title='bbox 763 2920 827 2979; x_wconf 87' lang='lat' dir='ltr'><strong>lora</strong></span> <span class='ocrx_word' id='word_1_193' title='bbox 851 2914 1015 3001; x_wconf 86' lang='lat' dir='ltr'><strong>Caesaris,’</strong></span> <span class='ocrx_word' id='word_1_194' title='bbox 1043 2921 1140 2998; x_wconf 86' lang='lat' dir='ltr'><strong>inquit</strong></span> 
     </span>
     <span class='ocr_line' id='line_1_31' title="bbox 222 3001 963 3087; baseline 0.004 -22"><span class='ocrx_word' id='word_1_195' title='bbox 222 3001 312 3066; x_wconf 77' lang='lat' dir='ltr'><strong>‘llaec</strong></span> <span class='ocrx_word' id='word_1_196' title='bbox 336 3014 381 3067; x_wconf 86' lang='lat' dir='ltr'><strong>est</strong></span> <span class='ocrx_word' id='word_1_197' title='bbox 404 3025 420 3067; x_wconf 95' lang='lat' dir='ltr'><strong>a</strong></span> <span class='ocrx_word' id='word_1_198' title='bbox 444 3010 535 3068; x_wconf 89' lang='lat' dir='ltr'><strong>sacris</strong></span> <span class='ocrx_word' id='word_1_199' title='bbox 559 3025 634 3086; x_wconf 85' lang='lat' dir='ltr'><strong>quae</strong></span> <span class='ocrx_word' id='word_1_200' title='bbox 657 3010 702 3067; x_wconf 84' lang='lat' dir='ltr'><strong>ria</strong></span> <span class='ocrx_word' id='word_1_201' title='bbox 726 3025 833 3071; x_wconf 84' lang='lat' dir='ltr'><strong>noman</strong></span> <span class='ocrx_word' id='word_1_202' title='bbox 856 3006 963 3087; x_wconf 89' lang='lat' dir='ltr'><strong>habet,</strong></span> 
     </span>
     <span class='ocr_line' id='line_1_32' title="bbox 220 3092 1137 3176; baseline 0.001 -23"><span class='ocrx_word' id='word_1_203' title='bbox 220 3093 274 3154; x_wconf 91' lang='lat' dir='ltr'><strong>llic</strong></span> <span class='ocrx_word' id='word_1_204' title='bbox 297 3092 381 3155; x_wconf 87' lang='lat' dir='ltr'><strong>locus</strong></span> <span class='ocrx_word' id='word_1_205' title='bbox 404 3103 450 3155; x_wconf 89' lang='lat' dir='ltr'><strong>cst</strong></span> <span class='ocrx_word' id='word_1_206' title='bbox 472 3095 600 3176; x_wconf 86' lang='lat' dir='ltr'><strong>Vestae,</strong></span> <span class='ocrx_word' id='word_1_207' title='bbox 629 3098 680 3174; x_wconf 88' lang='lat' dir='ltr'><strong>qui</strong></span> <span class='ocrx_word' id='word_1_208' title='bbox 702 3094 820 3155; x_wconf 90' lang='lat' dir='ltr'><strong>Pallada</strong></span> <span class='ocrx_word' id='word_1_209' title='bbox 843 3103 942 3156; x_wconf 86' lang='lat' dir='ltr'><strong>servat</strong></span> <span class='ocrx_word' id='word_1_210' title='bbox 970 3101 1001 3155; x_wconf 87' lang='lat' dir='ltr'><strong>et</strong></span> <span class='ocrx_word' id='word_1_211' title='bbox 1022 3096 1137 3175; x_wconf 80' lang='lat' dir='ltr'><strong>ignem,</strong></span> 
     </span>
     <span class='ocr_line' id='line_1_33' title="bbox 171 3177 894 3262; baseline 0.003 -22"><span class='ocrx_word' id='word_1_212' title='bbox 171 3192 205 3241; x_wconf 82' lang='lat' dir='ltr'><strong>ao</strong></span> <span class='ocrx_word' id='word_1_213' title='bbox 220 3180 298 3243; x_wconf 87' lang='lat' dir='ltr'><strong>llaec</strong></span> <span class='ocrx_word' id='word_1_214' title='bbox 322 3183 378 3243; x_wconf 89' lang='lat' dir='ltr'><strong>luit</strong></span> <span class='ocrx_word' id='word_1_215' title='bbox 401 3185 515 3262; x_wconf 90' lang='lat' dir='ltr'><strong>antiqui</strong></span> <span class='ocrx_word' id='word_1_216' title='bbox 537 3185 617 3262; x_wconf 84' lang='lat' dir='ltr'><strong>regia</strong></span> <span class='ocrx_word' id='word_1_217' title='bbox 641 3201 729 3261; x_wconf 90' lang='lat' dir='ltr'><strong>parva</strong></span> <span class='ocrx_word' id='word_1_218' title='bbox 752 3182 865 3244; x_wconf 84' lang='lat' dir='ltr'><strong>Numae</strong></span> <span class='ocrx_word' id='word_1_219' title='bbox 875 3177 894 3242; x_wconf 91' lang='lat'><strong>.&#39;</strong></span> 
     </span>
     <span class='ocr_line' id='line_1_34' title="bbox 218 3265 1068 3349; baseline 0.002 -21"><span class='ocrx_word' id='word_1_220' title='bbox 218 3268 289 3329; x_wconf 89' lang='lat' dir='ltr'><strong>Inde</strong></span> <span class='ocrx_word' id='word_1_221' title='bbox 314 3277 418 3349; x_wconf 88' lang='lat' dir='ltr'><strong>petens</strong></span> <span class='ocrx_word' id='word_1_222' title='bbox 442 3271 575 3332; x_wconf 83' lang='lat' dir='ltr'><strong>dextram</strong></span> <span class='ocrx_word' id='word_1_223' title='bbox 598 3266 699 3332; x_wconf 76' lang='lat' dir='ltr'><strong>‘Porta</strong></span> <span class='ocrx_word' id='word_1_224' title='bbox 723 3266 780 3331; x_wconf 88' lang='lat' dir='ltr'><strong>est&#39;</strong></span> <span class='ocrx_word' id='word_1_225' title='bbox 804 3273 845 3331; x_wconf 89' lang='lat' dir='ltr'><strong>ait</strong></span> <span class='ocrx_word' id='word_1_226' title='bbox 868 3265 936 3332; x_wconf 76' lang='lat' dir='ltr'><strong>‘ista</strong></span> <span class='ocrx_word' id='word_1_227' title='bbox 959 3269 1052 3331; x_wconf 87' lang='lat' dir='ltr'><strong>Palati</strong></span> <span class='ocrx_word' id='word_1_228' title='bbox 1059 3315 1068 3349; x_wconf 98' lang='lat'><strong>,</strong></span> 
     </span>
     <span class='ocr_line' id='line_1_35' title="bbox 221 3350 1092 3438; baseline 0.001 -22"><span class='ocrx_word' id='word_1_229' title='bbox 221 3357 275 3417; x_wconf 89' lang='lat' dir='ltr'><strong>llic</strong></span> <span class='ocrx_word' id='word_1_230' title='bbox 299 3358 420 3438; x_wconf 88' lang='lat' dir='ltr'><strong>Stator,</strong></span> <span class='ocrx_word' id='word_1_231' title='bbox 443 3359 499 3419; x_wconf 90' lang='lat' dir='ltr'><strong>boc</strong></span> <span class='ocrx_word' id='word_1_232' title='bbox 522 3361 652 3438; x_wconf 90' lang='lat' dir='ltr'><strong>primum</strong></span> <span class='ocrx_word' id='word_1_233' title='bbox 676 3357 793 3419; x_wconf 91' lang='lat' dir='ltr'><strong>condita</strong></span> <span class='ocrx_word' id='word_1_234' title='bbox 815 3358 908 3419; x_wconf 84' lang='lat' dir='ltr'><strong>Roma</strong></span> <span class='ocrx_word' id='word_1_235' title='bbox 931 3359 996 3420; x_wconf 92' lang='lat' dir='ltr'><strong>loco</strong></span> <span class='ocrx_word' id='word_1_236' title='bbox 1019 3350 1092 3419; x_wconf 70' lang='lat' dir='ltr'><strong>est?</strong></span> 
     </span>
     <span class='ocr_line' id='line_1_36' title="bbox 221 3443 998 3528; baseline 0.006 -24"><span class='ocrx_word' id='word_1_237' title='bbox 221 3443 341 3522; x_wconf 83' lang='lat' dir='ltr'><strong>Singula</strong></span> <span class='ocrx_word' id='word_1_238' title='bbox 364 3444 434 3505; x_wconf 90' lang='lat' dir='ltr'><strong>dum</strong></span> <span class='ocrx_word' id='word_1_239' title='bbox 457 3448 571 3528; x_wconf 89' lang='lat' dir='ltr'><strong>miror,</strong></span> <span class='ocrx_word' id='word_1_240' title='bbox 594 3447 680 3507; x_wconf 81' lang='lat' dir='ltr'><strong>uideo</strong></span> <span class='ocrx_word' id='word_1_241' title='bbox 702 3445 884 3524; x_wconf 83' lang='lat' dir='ltr'><strong>fulgentibus</strong></span> <span class='ocrx_word' id='word_1_242' title='bbox 908 3449 998 3509; x_wconf 88' lang='lat' dir='ltr'><strong>armis</strong></span> 
     </span>
    </p>
   </div>
   <div class='ocr_carea' id='block_1_4' title="bbox 0 0 1198 3892">
    <p class='ocr_par' dir='ltr' id='par_1_4' title="bbox 0 0 1198 3892">
     <span class='ocr_line' id='line_1_37' title="bbox 0 0 1198 3892; baseline 0 2"><span class='ocrx_word' id='word_1_243' title='bbox 0 0 1198 3892; x_wconf 95' lang='lat' dir='ltr'><strong> </strong></span> 
     </span>
    </p>
   </div>
  </div>
 </body>
</html>
