2386 3892
460 205 496 255 11.
515 207 662 258 too-otu.

147 369 292 429 Praeterii
314 369 421 429 totiens
444 369 632 429 inrevocatus
656 385 764 445 eques.

148 456 226 535 Ergo
251 474 326 534 quac
349 458 464 516 iuvenis
486 455 559 516 mihi
582 473 642 515 non
665 457 800 516 nocitura
821 458 922 535 putavi

147 543 264 624 Scripta
287 562 391 623 parum
414 543 568 623 prudens,
591 561 671 603 nunc
695 560 824 605 nocuere
847 547 927 606 seni.

91 644 134 692 545
148 632 220 692 Sera
243 631 420 692 redundavit
442 632 551 692 veteris
575 631 702 692 vindicta
725 631 833 713 libelli,

147 721 243 781 llistat
267 729 297 780 et
319 738 336 781 a
358 721 457 781 meriti
480 726 612 798 tempore
635 738 731 798 poena
754 722 817 781 sui.

147 807 190 868 Ne
213 817 312 869 tamen
336 825 422 868 omne
445 825 544 868 meum
567 807 671 868 credas
699 826 775 887 opus
803 826 868 869 esse
891 811 1065 891 remissum,

149 896 242 976 Saepe
265 896 334 956 dedi
357 903 475 957 nostrae
497 895 618 974 grandia
642 895 704 956 vela
727 898 801 957 rati.

149 983 206 1045 Sex
231 1002 285 1063 ego
308 983 464 1045 Fastorum
489 986 595 1061 scripsi
617 985 800 1063 totidemque
823 984 954 1066 libellos,

91 1081 134 1132 555
149 1071 281 1150 Cumque
305 1090 360 1132 suo
383 1072 471 1132 linem
495 1089 597 1132 mense
619 1071 756 1132 volumen
779 1073 885 1155 hahet,

148 1160 238 1239 idque
262 1168 314 1220 tuo
338 1177 434 1238 nuper
457 1161 601 1238 scriptum
625 1160 681 1221 suh
704 1163 823 1221 nominc
836 1209 845 1241 ,
869 1161 992 1241 Caesar,

147 1247 185 1309 Et
207 1248 261 1308 tibi
285 1255 433 1308 sacratum
457 1265 522 1308 sors
545 1265 610 1307 mea
632 1250 713 1327 rupit
736 1267 828 1328 opus3

148 1335 184 1396 Et
207 1334 344 1396 dedimus
366 1337 486 1413 tragicis
509 1338 654 1413 scriptum
677 1335 774 1413 regale
798 1335 969 1413 cothurnis,

149 1423 289 1502 Quaeque
313 1425 410 1502 gravis
433 1422 522 1483 debet
544 1422 634 1483 rerba
657 1422 821 1483 cothurnus
844 1422 950 1503 habet3

91 1520 134 1568 555
148 1510 290 1589 Dictaque
314 1518 385 1571 sunt
408 1510 515 1590 nobis,
545 1512 678 1588 quamvis
700 1528 805 1571 manus
828 1511 931 1571 ultima
954 1513 1066 1590 coeptis

147 1598 269 1679 Doluit,
292 1600 324 1658 in
346 1599 436 1659 iacies
460 1616 585 1677 corpora
607 1616 693 1659 versa
716 1617 823 1660 novas.

148 1687 244 1766 Atque
266 1689 381 1748 utinam
404 1705 526 1747 revoces
550 1688 679 1747 animum
701 1687 851 1768 paulisper
875 1687 910 1748 ab
934 1690 995 1769 ira,

148 1774 186 1835 Et
208 1793 300 1835 vacuo
324 1773 427 1835 iubeas
450 1775 519 1835 hino
542 1774 596 1835 tibi
618 1793 711 1855 pauca
733 1776 810 1858 legi,

148 1862 267 1943 Pauca,
291 1862 399 1941 quibus
421 1865 516 1943 prima
541 1881 665 1941 surgens
689 1863 725 1923 ab
748 1867 861 1944 origine
884 1863 987 1925 mnndi

90 1950 182 2010 555155
204 1959 256 2011 tua
279 1949 388 2011 deduxi
411 1959 565 2032 tempora,
588 1951 717 2031 Caesar,
740 1951 832 2031 opus!

100 2094 104 2102 .
148 2039 282 2116 Aspicies
295 2086 304 2119 ,
327 2047 471 2117 quantum
495 2039 612 2099 dederis
636 2039 707 2100 mihi
730 2043 859 2119 pectoris
882 2043 964 2120 ipsc,

149 2126 274 2205 Quoque
297 2127 397 2187 favore
421 2129 510 2187 animi
533 2135 622 2205 teque
645 2135 772 2206 tuosque
796 2146 915 2189 canam.

148 2215 212 2275 Non
237 2233 292 2292 ego
314 2214 445 2275 mordaci
468 2215 612 2275 destrinxi
636 2218 766 2276 carmine
789 2233 982 2294 quemquam,

149 2302 209 2363 Neo
232 2321 317 2363 meus
341 2302 430 2362 ullius
453 2305 575 2364 crimina
599 2320 703 2363 versus
726 2302 832 2365 habet.

90 2398 135 2449 555
150 2390 296 2451 Candidus
316 2409 332 2450 a
355 2390 465 2451 salibus
489 2391 609 2451 suiiusis
632 2389 699 2449 selle
723 2391 837 2469 reiugi:

150 2478 234 2539 Nulla
257 2486 402 2538 venenato
424 2478 523 2539 littera
545 2479 636 2537 mixta
658 2479 723 2536 ioco
747 2486 810 2537 est.

149 2565 229 2627 lnter
252 2574 297 2627 tot
319 2566 420 2645 populi
433 2599 452 2646 ,ν
465 2573 510 2628 555
532 2566 674 2644 scriptis,
697 2563 775 2623 milia
799 2565 911 2643 nostri,

150 2653 245 2724 Quem
268 2671 333 2714 mea
357 2654 483 2734 Calliope
507 2654 648 2734 laeserit,
671 2668 748 2712 untrs
772 2669 841 2712 ero.

148 2741 213 2802 Non
237 2744 328 2820 igitur
351 2745 461 2803 nostris
484 2740 577 2802 ullum
600 2740 728 2819 gaudere
752 2740 898 2811 Quiritem

92 2836 136 2888 tto
149 2829 309 2907 Auguror,
332 2838 362 2891 at
384 2829 492 2891 multos
515 2829 676 2890 indoluisse
700 2828 802 2910 malis3

149 2917 210 2978 Nec
228 2917 301 2979 mihi
319 2910 460 2978 credibile
480 2924 547 2997 est,
571 2936 748 2997 quemquam
766 2916 923 2979 insultasse
942 2917 1067 2996 iacenti,

150 3005 248 3066 Gratia
272 3004 394 3067 candori
416 3007 500 3084 siqua
523 3004 615 3066 relata
638 3023 722 3067 meo.

149 3093 224 3173 His,
246 3112 376 3175 precor,
399 3101 487 3171 atque
510 3091 575 3152 aliis
597 3096 712 3173 possint
735 3102 785 3154 tua
808 3095 929 3152 numina
952 3091 1050 3173 ilecti,

151 3180 175 3241 Ο
198 3191 283 3262 pater
296 3229 305 3262 ,
328 3200 345 3241 o
369 3183 480 3260 patriae
504 3198 576 3242 cura
599 3182 736 3260 salusque
761 3178 846 3241 tuae!

93 3274 137 3327 555
151 3268 237 3350 Non,
260 3279 294 3330 ut
316 3272 348 3329 in
370 3269 529 3329 lumniam
552 3268 693 3348 redeam,
717 3269 774 3328 nisi
796 3266 921 3326 forsitan
944 3264 1031 3346 olim,

151 3357 224 3418 Cum
247 3356 334 3435 longo
358 3374 469 3436 poenae
493 3365 626 3435 tempore
650 3357 745 3415 victus
768 3355 845 3432 eris,

151 3445 256 3506 Tutius
280 3445 401 3506 exilium
423 3443 569 3524 pauloque
593 3443 721 3520 quietius
745 3458 815 3521 oro,

152 3531 190 3594 Ut
211 3552 265 3613 par
289 3532 396 3595 delicto
420 3534 459 3593 sit
481 3550 544 3592 mea
567 3546 662 3611 poena
685 3546 747 3590 suo.
