2386 3892
150 161 214 229 208
558 161 743 215 erroneo

283 328 320 387 Et
344 327 463 405 longum
487 326 589 386 Getico
614 343 748 386 murmur
771 327 801 385 in
826 343 877 387 ore
897 327 972 388 tuit.

239 416 334 494 Atque
360 415 464 493 aliquis
488 410 614 474 ‘scribas
637 411 710 473 haec
734 430 802 473 cum
825 413 862 474 de
887 410 1042 496 Gaesare',

786 499 859 562 dixit
1095 515 1139 567 irat)

284 586 433 651 ‘Caesaris
456 591 580 668 imperio
604 588 807 650 restituendus
830 585 925 651 erae?

240 678 290 738 ille
314 678 435 757 quidem
458 678 552 738 dixit.
594 677 644 737 sed
668 695 715 737 me
739 678 819 756 iam,
843 677 940 758 Care,
963 677 1052 740 nimii

191 778 225 827 40
284 766 372 826 Sexta
395 766 557 844 relegatum
580 763 685 826 bruma
708 763 764 825 sub
787 782 840 825 axe
864 765 962 828 videt.

240 854 374 915 Carmina
398 853 439 914 nii
462 862 608 933 prosunt.
648 860 815 914 nocuerunt
837 855 969 915 carmina
992 853 1139 934 quondam,

284 943 441 1020 Primaque
465 949 523 1001 tam
547 943 672 1001 miserae
696 958 783 1002 causa
807 940 893 1002 fuero
916 941 1020 1021 rugae.

241 1032 277 1090 At
299 1039 354 1109 tu,
377 1047 430 1107 per
454 1029 544 1089 studii
568 1030 735 1089 communia
757 1027 876 1089 foedera
899 1030 997 1112 sacri,

284 1117 341 1178 Per
364 1135 422 1176 non
446 1116 501 1175 vile
525 1115 580 1177 tibi
602 1134 709 1176 nomen
733 1118 896 1196 amicitiae3

193 1216 226 1265 45
243 1206 291 1265 Sic
315 1213 399 1282 capto
423 1203 514 1265 Latiis
537 1204 729 1265 Germanicus
752 1205 836 1266 hoste
861 1207 973 1267 catenis

285 1293 436 1352 Materiam
460 1294 567 1353 vestris
590 1291 703 1353 adierat
726 1293 870 1370 ingeniis:

242 1381 291 1443 Sic
313 1381 428 1442 valeant
450 1382 557 1460 pueri,
581 1389 681 1440 votum
704 1397 861 1441 commune
883 1379 1025 1462 deorum,

286 1469 367 1540 Quos
389 1468 452 1529 laus
476 1467 644 1529 formandos
668 1476 713 1529 est
736 1467 790 1528 tibi
813 1485 918 1547 magne
940 1467 1041 1530 datos:

243 1558 357 1628 Quanta
380 1565 464 1635 potes
477 1603 486 1635 ,
509 1555 618 1634 praebe
641 1563 759 1617 nostrae
783 1563 932 1617 momenta
954 1556 1059 1631 saluti,

194 1656 226 1707 50
286 1643 366 1714 Quae
390 1647 447 1704 nisi
471 1651 582 1704 mutato
606 1642 685 1704 nulla
708 1644 808 1706 tuturo
831 1642 897 1707 loco
921 1651 986 1707 est.

593 1835 709 1908 XIIII.

242 1994 321 2054 Haec
344 1992 398 2055 tibi
422 1966 580 2055 mittunttr‘r
592 2039 602 2073 ,
626 2012 714 2072 quem
738 2011 804 2055 sum
827 1994 916 2059 modo
939 1997 1068 2057 carmine

788 2089 912 2161 quoetns

286 2169 350 2230 Non
374 2176 474 2247 aptum
497 2171 628 2230 numeris
652 2187 759 2231 nomen
783 2169 892 2235 habere
915 2172 1010 2233 meiat

242 2256 276 2317 ln
299 2256 429 2335 quibus,
453 2264 574 2349 erqcepto
599 2257 677 2335 quod
699 2258 797 2319 'adhuc
824 2265 989 2338 utcumque
1011 2257 1133 2320 vuemo
1140 2301 1147 2335 ,

286 2345 355 2425 Nil,
379 2363 425 2406 me
449 2353 602 2425 praeterea
626 2345 705 2424 quod
728 2348 809 2407 iuvet
821 2393 830 2425 ,
853 2347 1005 2408 invenies.

212 2433 307 2512 olpsa
331 2452 449 2513 quoque
472 2441 519 2495 eet
548 2435 640 2494 invisa
663 2433 742 2493 salus
755 2481 763 2514 ,
792 2441 922 2515 suntque
949 2434 1053 2496 ultima
1075 2441 1146 2510 rota,

288 2520 426 2592 Quolibet
448 2540 484 2582 ex
507 2522 573 2582 istis
596 2521 710 2582 scilicet
732 2524 776 2582 ire
799 2521 889 2583 locis.

242 2609 327 2669 Nulla
351 2609 422 2670 mibi
445 2627 517 2669 cura
540 2616 606 2688 est,
630 2616 709 2669 terra
733 2627 791 2687 quo
815 2617 915 2671 muter
936 2609 973 2673 ab
996 2611 1071 2691 inte,

286 2696 346 2757 Hac
371 2699 459 2777 quia,
484 2714 571 2775 quam
595 2697 700 2776 video,
724 2699 834 2774 gratior
858 2699 955 2759 omnio
978 2699 1054 2760 erit.

242 2782 276 2841 in
299 2783 410 2843 medias
434 2783 557 2864 Syrtes,
580 2784 706 2845 medIam
730 2802 794 2846 mea
817 2784 880 2846 uela
903 2784 1072 2865 Charybdin
1101 2793 1148 2845 (14⁰1

197 2882 228 2930 10
287 2869 416 2949 Mittite,
438 2874 587 2948 praesenti
610 2872 680 2932 dum
704 2890 856 2934 careamus
878 2872 989 2935 humo.

239 2956 314 3037 Styx
338 2974 478 3037 quoque,
502 2959 599 3037 siquid
623 2977 656 3022 ea
679 2967 747 3042 eet,
770 2959 845 3022 bene
869 2959 1099 3025 commutabitur

788 3047 908 3110 Histro·

288 3132 392 3213 Siquid
416 3140 445 3196 et
468 3133 615 3215 inferius,
638 3152 725 3214 quarn
750 3133 838 3214 Styga
850 3181 860 3216 ,
882 3094 1016 3199 mundun
1037 3134 1135 3197 babet.

243 3222 380 3283 Gramina
404 3222 501 3283 cultus
525 3241 617 3301 ager,
640 3223 733 3302 frigus
756 3224 855 3286 minuo
880 3223 943 3286 odit
965 3222 1109 3302 hirundo,

286 3310 423 3371 Proxima
445 3309 606 3373 Marticolb
629 3329 717 3389 quam
740 3310 804 3373 loca
826 3310 903 3374 Naso
927 3310 1028 3374 Getis.

197 3404 228 3453 15
244 3395 323 3456 Talia
347 3407 526 3461 succensent
548 3405 669 3478 propter
692 3398 766 3461 mihi
787 3397 876 3461 verba
899 3398 1050 3478 Tomitae,

287 3482 392 3561 Iraque
416 3485 595 3549 carminibus
618 3485 736 3566 publica
754 3493 833 3547 mota
856 3488 948 3551 meir.
