2386 3892
435 178 485 235 ΙΙΙ.
505 181 653 233 1ea-asa.
978 174 1043 242 265

125 339 329 420 Laudatasque
352 325 455 403 tenent
477 349 560 403 natas
572 388 582 421 ,
606 350 751 422 scutoque
774 349 912 423 nepotem

170 429 241 491 Fert
263 447 355 491 avus.
395 429 444 491 hic
467 432 546 492 scuti
568 428 683 492 dulcior
706 447 779 493 usus
803 437 882 492 erat.

125 516 197 579 lnde
221 517 320 599 diem,
343 535 418 596 quae
440 520 546 600 priva,
569 535 650 579 meas
672 517 824 580 celebrare
847 516 992 580 Kalendas

59 617 112 665 230
172 603 308 666 Oebaliae
332 613 442 667 matres
465 623 524 667 non
547 605 611 667 leve
635 623 743 668 munus
765 604 893 686 babent,

126 691 188 753 llac
212 695 280 772 quia
303 694 448 754 committi
471 695 583 755 strictis
605 692 799 755 mucronibus
821 710 910 756 ausae

170 780 321 842 Finierant
343 781 472 842 lacrimis
494 781 599 843 Martia
621 781 698 843 bella
720 783 800 843 suis.

128 866 193 944 [Vel
216 869 295 947 quod
319 878 383 930 erat
405 869 441 930 dc
465 886 513 930 me
536 869 662 930 feliciter
684 868 737 930 llia
756 877 872 950 mater,

172 954 239 1016 Rite
263 955 364 1019 colunt
387 965 496 1018 matres
520 975 603 1019 sacra
626 958 764 1036 diemque
787 953 917 1034 meum]

60 1055 112 1104 235
128 1043 226 1123 Quid,
250 1045 328 1123 quod
352 1044 447 1106 hiems
470 1045 609 1126 adoperta
632 1044 706 1125 gelu·
723 1054 795 1107 tuno
818 1045 947 1125 denique

674 1132 770 1214 cedit,

171 1218 209 1279 Et
231 1227 359 1298 pareunt
381 1221 475 1281 victae
499 1220 560 1281 sole
583 1228 703 1300 tepente
725 1223 826 1300 nires3

127 1305 291 1367 Arboribus
313 1306 441 1369 redeunt
464 1306 605 1368 detonsae
628 1308 737 1387 irigore
761 1306 899 1387 frondes,

173 1392 322 1472 Uvidaque
346 1397 376 1454 in
400 1403 504 1456 tenero
526 1393 646 1474 palmite
668 1411 783 1473 gemma
805 1402 918 1456 tumetz

128 1481 268 1560 Quaeque
293 1483 343 1543 diu
366 1481 473 1563 latuit,
495 1499 575 1543 nunc
598 1499 631 1543 se
655 1500 712 1561 qua
735 1480 818 1543 tollat
839 1484 872 1543 in
894 1498 1000 1561 auras,

61 1581 113 1630 240
172 1568 291 1630 Fertilis
315 1569 446 1632 occultas
467 1572 581 1631 invenit
602 1568 695 1631 herba
717 1570 796 1631 rias.

127 1656 213 1718 Nunc
237 1657 382 1719 secundus
400 1675 493 1740 ager,
515 1658 632 1737 pecoris
651 1675 731 1719 nunc
749 1656 821 1719 hora
844 1657 982 1741 creandi,
1002 1667 1045 1722 (⁸⁴)

173 1744 258 1805 Nunc
281 1747 342 1806 avis
365 1748 395 1806 in
419 1762 502 1806 ramo
525 1753 603 1807 tecta
624 1744 776 1825 laremque
798 1753 900 1826 parat.

131 1830 276 1911 Tempora
298 1835 363 1894 iure
387 1833 489 1894 colunt
510 1832 610 1895 Latiae
633 1835 760 1897 fecunda
780 1843 937 1916 parentes,

106 1925 122 1950 ³³
175 1919 305 1989 Quarum
327 1920 461 1982 militiam
482 1928 609 2000 votaque
631 1929 735 2000 partus
756 1920 862 1984 habet.

62 2018 113 2068 245
128 2005 232 2087 Adde,
255 2008 356 2089 quod,
380 2007 519 2070 excrrbias
541 2009 594 2071 nbi
615 2027 669 2073 rex
692 2008 843 2071 Romanus
865 2008 986 2092 agebat,

173 2094 230 2164 Qui
253 2113 332 2156 ntrnc
355 2094 502 2175 Esquilias
524 2098 643 2158 nomina
667 2097 750 2159 collis
772 2095 878 2179 hebet,

129 2181 191 2242 lllic
215 2201 231 2242 a
254 2183 378 2244 nuribus
400 2183 508 2245 lunoni
529 2184 638 2264 templa
659 2184 772 2246 Latinis

173 2268 235 2330 Hac
258 2278 350 2351 sunt,
373 2272 399 2332 si
421 2272 564 2353 memini,
587 2270 705 2352 publica
726 2273 803 2332 iacta
825 2271 890 2334 dic.

130 2356 206 2426 Quid
229 2375 330 2418 moror
353 2366 384 2420 et
405 2360 494 2421 variis
516 2375 609 2435 onero
631 2367 683 2420 tua
706 2365 828 2436 pectora
850 2354 973 2421 causis?

63 2456 115 2506 250
175 2444 294 2506 Eminet
316 2455 384 2508 ante
407 2446 510 2508 oculos
522 2493 532 2528 ,
554 2445 633 2527 quod
656 2448 734 2525 petis
746 2491 756 2526 ,
779 2462 849 2508 ecce
871 2453 957 2507 tuos.

129 2531 223 2593 Mater
246 2540 323 2593 amat
345 2541 470 2613 nuptas:
501 2542 627 2597 matrem
649 2550 714 2594 mea
737 2531 825 2594 turba
846 2532 1032 2613 frequentat.

174 2619 253 2680 llaec
276 2636 331 2681 nos
353 2623 512 2702 praecipue
534 2630 594 2684 tam
617 2623 665 2700 pia
687 2636 776 2682 causa
798 2615 919 2683 decet.'

128 2707 216 2769 Ferte
240 2707 311 2770 deae
334 2708 445 2772 ilorcsl
477 2708 586 2790 gaudet
607 2705 784 2770 florentibus
805 2706 908 2771 herbis

173 2795 252 2858 llaec
275 2797 346 2859 dea:
378 2796 416 2858 de
438 2806 542 2859 tenero
566 2797 675 2876 cingite
696 2795 772 2859 flore
793 2805 901 2878 caput:

62 2896 114 2945 255
129 2882 223 2945 Dicite
247 2880 297 2946 ‘tu
320 2883 406 2946 nobis
428 2883 548 2964 lucem,
570 2882 704 2966 Lucina,
720 2880 871 2948 'dedistil'

173 2971 267 3034 Dicite
291 2968 341 3035 ‘tu
363 2980 432 3033 roto
455 2973 648 3052 parturientis
671 2967 776 3035 adesl'

130 3058 220 3139 Siqua
243 3068 342 3122 tamen
364 3058 483 3139 gravida
506 3067 573 3140 est,
596 3059 728 3123 resoluto
751 3062 835 3122 crine
857 3063 1015 3138 precetur,

173 3146 211 3209 Ut
233 3148 327 3210 solvat
348 3154 452 3228 partus
474 3148 603 3211 molliter
624 3147 674 3209 illa
696 3162 785 3209 suos.

128 3233 201 3304 Quis
225 3234 296 3297 mihi
319 3252 399 3296 nunc
422 3234 501 3297 dicct
513 3282 522 3317 ,
546 3253 638 3315 quare
661 3232 797 3294 caelestia
819 3229 921 3293 Martis

62 3334 113 3383 aco
172 3320 261 3381 Arma
283 3323 381 3383 ierant
403 3320 474 3384 Salii
486 3367 496 3404 ,
517 3320 754 3398 Mamuriumque
777 3314 909 3381 canant?

127 3406 283 3486 Nympha,
305 3425 393 3470 mone
405 3453 415 3489 ,
437 3408 558 3470 Nemori
585 3415 749 3487 stagnoque
776 3414 896 3488 operata
919 3405 1045 3491 liianae;

172 3493 328 3574 Nympha,
348 3492 463 3558 Numae
485 3496 637 3577 coniunx,
659 3492 696 3557 ad
718 3501 771 3557 tue
791 3495 868 3557 facta
890 3494 975 3557 veni.
1085 3542 1091 3551 .
