2386 3892
422 202 459 255 11.
476 213 536 255 vm
551 205 646 256 1-69.
971 199 1036 268 159

81 367 206 429 etParte
227 366 293 428 leva
315 366 436 427 minima
458 374 576 427 nestrae
598 371 630 426 et
651 364 793 427 conuahe
815 382 926 446 peenas
938 412 948 447 ,

163 454 287 535 ltaque,
310 453 415 534 procul
435 452 573 534 Scythico
596 455 709 532 quirit
731 452 767 515 ab
790 453 898 536 hoste,
920 453 1037 518 laeum.

94 623 97 627 ⁴
121 542 253 623 Etim,
277 543 302 604 si
324 543 369 602 ias
392 550 460 623 est,
483 558 499 602 a
522 540 648 604 Caesare
670 543 805 622 proxime
827 541 953 626 Caesar,

162 630 289 693 Numina
313 631 373 691 sint
395 628 534 709 precibus
558 646 618 691 nen
639 631 758 692 inimica
780 633 873 692 meis.

121 719 168 781 Sic
191 720 253 780 iera
277 721 495 798 quamprimum
518 716 623 796 paride
646 716 802 779 Germania
824 718 908 781 vultu

78 820 108 870 to
163 809 238 868 Ante
261 806 471 885 triumphantis
494 822 579 867 serva
601 805 715 867 feratur
737 822 849 886 equor:

120 895 168 957 Sic
190 903 275 975 pater
297 897 329 956 in
351 894 472 975 Pylios,
495 894 640 956 Cumaeos
662 901 758 956 mater
778 896 811 959 in
833 911 926 956 annes
992 907 1037 960 (σε)

163 982 288 1063 Vivant,
312 990 343 1044 et
364 983 462 1062 pessis
484 981 563 1044 filius
586 999 653 1044 esee
676 982 745 1046 diu.

118 1070 164 1133 Tu
187 1088 329 1153 quoque,
353 1072 531 1132 conveniens
553 1071 667 1150 ingenti
689 1078 781 1150 nupta
802 1072 928 1152 marite,

164 1160 272 1238 Accipe
296 1176 355 1220 non
378 1159 453 1220 dura
475 1157 618 1239 supplicis
641 1176 713 1220 aure
735 1177 859 1240 precer.

78 1257 107 1308 tt
122 1248 170 1310 Sic
193 1246 248 1309 tibi
271 1248 316 1308 vtr
340 1262 466 1327 sospes,
489 1248 532 1308 sie
556 1248 616 1308 sint
638 1263 707 1309 cum
728 1245 813 1326 prole
836 1254 980 1329 nepotes,

164 1335 297 1414 Cumque
321 1334 407 1397 benis
429 1333 556 1397 nuribus
579 1332 658 1413 quod
681 1340 827 1414 peperere
849 1352 962 1396 nurus.

121 1423 170 1486 Sic
193 1439 282 1503 quem
305 1423 370 1484 dira
392 1421 447 1484 ilbi
470 1424 570 1503 rapuit
592 1421 749 1483 Germania
770 1420 918 1503 Drusum,

164 1511 237 1573 Pars
260 1512 351 1572 suerit
373 1520 477 1591 partus
500 1510 562 1572 ecla
585 1509 696 1572 caduca
717 1511 782 1572 mi.

121 1599 170 1661 Sic
192 1597 247 1661 tihi
270 1606 385 1660 mature
409 1599 533 1660 fraterni
556 1600 671 1661 itineris
693 1597 773 1660 ulter

78 1699 108 1749 tt
166 1687 341 1766 Purpureus
363 1688 458 1748 niveis
480 1686 559 1749 iilius
580 1689 674 1749 instet
695 1689 797 1767 equis.

120 1775 247 1837 Adnuite
270 1773 311 1837 ei
342 1774 477 1857 timidis,
500 1777 655 1837 mitissima
677 1778 821 1858 numina,
842 1776 936 1840 reim.

164 1863 334 1925 Praesentis
357 1863 466 1943 aliquid
490 1867 585 1944 presit
606 1862 717 1925 hahere
739 1864 829 1926 deca.

122 1951 256 2013 Caesaris
280 1951 408 2013 adventu
430 1959 510 2013 taeta
532 1951 675 2031 gladiator
697 1969 788 2015 arena

165 2039 234 2101 Exit
246 2086 255 2121 ‚
279 2048 309 2101 et
331 2039 472 2102 auxilium
495 2057 555 2102 nen
578 2040 643 2102 lere
664 2039 772 2103 mana
794 2037 901 2103 habet.
964 2042 970 2055 ’

78 2139 107 2190 tt
120 2126 180 2191 Nos
204 2146 323 2208 queque
345 2136 444 2190 vestra
456 2173 466 2210 ,
492 2130 574 2192 iuvet
586 2175 596 2212 ‚
618 2128 720 2210 quod,
747 2145 806 2209 qua
827 2127 900 2190 licet
911 2175 920 2209 ,
943 2144 995 2190 ora

608 2259 612 2263 -
667 2217 837 2279 videmus:-

166 2305 277 2366 lntrata
300 2312 346 2366 est
369 2306 487 2383 superis
510 2303 589 2383 qnod
612 2303 718 2366 domus
740 2320 800 2366 nna
822 2302 937 2366 uibus.

123 2392 236 2455 Felices
258 2393 301 2454 illi
313 2439 323 2474 ,
347 2395 399 2473 qui
421 2411 481 2454 nen
505 2391 662 2452 simulacra
674 2436 683 2473 ,
707 2390 759 2452 sed
782 2393 882 2473 ipses,

166 2482 283 2561 Quique
307 2481 396 2545 deum
419 2496 519 2542 eoram
542 2494 668 2560 corpora
689 2494 759 2540 vera
780 2477 903 2543 rident.

124 2568 207 2642 Quod
232 2570 371 2650 queniam
394 2568 481 2631 nobis
503 2569 609 2630 invidit
631 2565 736 2630 inutile
758 2565 871 2646 iatum,

78 2668 109 2718 to
166 2656 247 2729 Quos
270 2658 351 2720 dedit
374 2674 445 2739 ars,
467 2656 567 2720 vuitus
589 2655 777 2736 effigiemque
800 2653 884 2718 celo.

124 2744 172 2807 Sic
195 2747 331 2808 homines
353 2762 463 2807 novere
486 2744 559 2807 deoc
571 2791 581 2828 ‚
603 2762 679 2826 quoe
701 2743 814 2806 arduus
836 2742 939 2806 aether

167 2834 307 2919 Occulit‚
327 2843 359 2895 et
383 2835 492 2896 colitur
514 2848 569 2913 pre
592 2832 661 2895 lere
683 2833 778 2895 forma
801 2831 896 2896 devie.

123 2922 280 3002 Denique,
303 2939 379 3003 quae
407 2937 524 2984 meeum
547 2929 595 2984 eet
620 2933 653 2984 et
678 2923 737 2984 erit
763 2923 827 2985 aine
854 2921 931 3001 fine,

670 3019 791 3091 cavete,
998 3018 1043 3073 tut

167 3099 210 3160 Ne
235 3100 275 3160 sit
297 3099 328 3160 in
352 3100 455 3160 inviso·
470 3106 568 3160 vestra
590 3100 685 3179 figura
708 3099 791 3161 lece.

79 3197 109 3246 ee
124 3185 198 3248 Nam
213 3194 310 3267 caput
333 3205 350 3249 e
374 3196 475 3248 nostra
500 3187 589 3249 eitius
612 3189 728 3248 cervice
750 3182 889 3264 recedet,

167 3275 206 3337 Et
228 3277 324 3356 patiar
347 3276 436 3338 iestis
459 3273 560 3336 iumen
583 3272 665 3335 abire
688 3275 791 3353 genis,

125 3363 219 3434 (trram
243 3380 359 3425 caream
382 3364 498 3444 raptis,
520 3379 538 3423 ο
561 3359 678 3441 publiea
700 3354 840 3421 numinai
871 3355 972 3420 vobis.

167 3449 226 3512 Vos
250 3453 334 3512 eritis
357 3460 477 3512 nestrae
499 3444 606 3530 pertus
627 3457 659 3509 et
681 3465 731 3509 ara
753 3447 856 3527 fugae.

123 3536 181 3600 Vos
204 3556 260 3619 ege
283 3538 486 3614 completur,
510 3536 621 3598 Getieis
643 3538 670 3599 ei
692 3538 794 3617 cingar
816 3533 854 3598 ab
876 3535 986 3617 armis,

240 3786 282 3863 A
