2386 3892
999 197 1092 253 XXIX

77 365 271 441 aliquantum
295 363 392 422 oratio
414 366 522 438 restat,
551 363 603 422 sed
624 361 770 423 insertum
792 364 927 438 lacunae,
956 363 1091 439 quamvis

79 452 209 512 ascitum
232 451 373 510 fortassis
396 469 432 510 ex
453 451 588 526 margine
611 450 774 527 archetypi,
797 455 831 510 ut
850 451 886 510 de
908 451 980 510 locis
998 451 1090 511 Ibidis

80 542 154 615 439,
179 541 245 599 461
270 539 375 599 visum
431 538 533 598 eodem
555 539 642 613 plane
665 539 752 598 modo
772 537 800 595 V
820 540 883 598 633
907 540 1090 615 antiquariae

82 627 237 687 doctrinae
263 626 429 686 frustulum
455 627 519 686 loco
542 645 602 685 non
624 644 678 686 sno
700 627 731 684 in
755 630 887 686 extrema
908 629 1017 704 pagina
1038 646 1091 703 po·

83 716 183 789 situm,
203 715 307 791 qualia
325 714 404 788 alibi,
424 714 491 774 utI
511 716 574 774 323
595 717 667 790 609,
686 714 733 773 ΠΙ
753 717 825 790 233,
844 715 942 774 locum
961 720 1089 776 servant.

171 803 245 880 Peg.
264 815 334 862 xcv
353 806 485 861 extrema
502 803 562 861 tria
580 806 650 861 sunt
668 803 804 877 disticha,
822 802 869 860 ΙΙΙ
884 806 947 863 499
963 803 1001 861 ad
1015 806 1090 880 504,

83 911 178 950 unum
200 891 365 950 absurdum
387 908 441 949 nec
464 890 657 966 emendabile,
679 891 738 949 dno
757 890 913 949 sententiis
933 892 1041 951 coactis
1060 894 1091 950 et

84 978 246 1054 affectatis,
279 996 354 1053 quae
381 997 476 1054 neque
500 979 652 1053 scripsisse
683 981 815 1055 poetam,
846 997 955 1055 neque,
987 979 1012 1039 si
1039 979 1089 1037 de·

83 1068 212 1143 leantur,
235 1066 352 1141 reliqua
373 1069 435 1125 tarn
458 1067 557 1125 ieiuna
580 1069 610 1124 et
633 1074 737 1142 aspera
759 1067 890 1126 voluisse
907 1067 1089 1142 putaverim;

83 1173 135 1214 nec
157 1173 239 1214 nunc
262 1154 469 1229 dubitaverim,
492 1155 565 1229 quin
586 1173 726 1214 numerus
750 1174 890 1215 versuum
913 1156 1089 1215 amissorum

83 1243 167 1303 velut
189 1261 209 1301 a
232 1242 365 1302 Lucretii
387 1241 484 1301 scriba
506 1242 635 1301 traditus
658 1243 757 1302 fuerit.

173 1331 249 1406 Peg.
274 1343 355 1390 cxv1
383 1348 487 1388 versus
515 1343 566 1388 1111
591 1331 630 1388 81
657 1330 695 1387 ad
719 1332 760 1388 84
783 1349 843 1389 non
866 1330 1090 1406 circumscripsi,

84 1419 153 1496 qnia
182 1418 259 1478 vitia
285 1418 422 1477 dictionis
449 1420 502 1477 aut
529 1417 641 1476 absona
669 1417 774 1493 aliqui,
801 1421 836 1475 ut
858 1418 966 1492 reliqui
988 1437 1089 1479 omnes

84 1507 115 1565 hi
137 1506 211 1580 loci,
238 1524 298 1564 non
320 1506 439 1565 habent.
495 1509 620 1581 possunt
647 1507 748 1564 autem
775 1506 1000 1565 commemorari
1023 1525 1089 1566 con·

83 1593 249 1654 troversiae
272 1593 354 1653 illius
375 1593 503 1668 nomine,
527 1612 602 1668 qnae
626 1599 672 1652 est
695 1593 731 1651 de
754 1594 966 1653 retractatione
985 1595 1089 1654 Fasto-

83 1702 151 1740 rum
178 1686 248 1758 post
275 1700 385 1750 annum
408 1682 444 1741 U.
468 1700 491 1739 c.
515 1693 656 1757 Dccnxr,
684 1680 721 1740 de
744 1700 802 1757 qua
826 1682 897 1742 olim
920 1684 969 1761 egi
991 1683 1022 1742 in
1045 1684 1089 1742 ed.

83 1770 179 1830 Reim.
215 1789 243 1845 p.
281 1781 406 1828 chvn.
462 1788 522 1828 non
558 1769 723 1845 spernenda
764 1773 809 1829 cst
851 1770 1089 1847 interpolationis

84 1859 168 1934 haec,
191 1858 277 1933 siqua
300 1862 354 1933 est,
377 1857 581 1932 probabilitas,
610 1858 635 1917 si
658 1859 830 1932 scrupulum
854 1858 938 1916 illum
962 1858 1090 1917 eximere

84 1945 188 2021 possit.
243 1945 378 2004 versibus
402 1947 556 2021 quattuor,
579 1946 631 2020 qui
654 1949 849 2020 evanuerant,
876 1964 936 2004 non
959 1950 1005 2006 cst
1027 1965 1088 2005 cre·

85 2033 176 2092 dibile
196 2033 272 2092 alios
290 2033 457 2092 nominatos
471 2033 563 2091 fuisse
578 2031 718 2092 Graeciae
734 2035 870 2106 advenas,
890 2034 1089 2107 Idomeneum,

84 2121 215 2197 Epenm,
247 2120 445 2196 Philoctetam
481 2138 535 2179 nec
570 2122 713 2196 suppetit,
751 2121 822 2196 quid
859 2121 917 2179 dici
948 2122 1088 2196 potuerit.

84 2228 112 2269 r.
126 2211 168 2268 83
188 2227 266 2284 quae
284 2209 454 2285 incongrua,
477 2227 514 2266 ne
538 2209 688 2267 emendari
711 2208 830 2284 quidem
849 2209 1001 2267 commode
1021 2228 1089 2284 pos-

86 2300 163 2356 sunt.
219 2296 358 2356 admonet
396 2314 443 2354 me
479 2315 527 2355 res
563 2297 765 2372 inexspectata
796 2314 900 2356 versus
932 2296 1091 2374 Aeschylei

85 2384 167 2444 Pers.
191 2386 270 2459 850,
293 2383 345 2459 qui
367 2383 403 2443 A.
422 2383 607 2458 Koechlyum
629 2383 732 2441 multis
756 2384 840 2442 annis
864 2384 1037 2459 exagitabat
1060 2388 1091 2444 et

86 2471 124 2530 ad
145 2472 333 2548 ingeniosum
361 2471 397 2529 de
426 2490 461 2530 ca
483 2471 602 2530 fabulae
626 2475 825 2529 commentum
848 2471 983 2527 adduxit:
1006 2488 1089 2528 nam-

87 2578 141 2634 que
168 2561 221 2620 ille
248 2578 364 2636 quoque
392 2578 496 2618 versus
519 2558 600 2618 cadit
622 2559 653 2616 in
674 2557 801 2633 paginae
825 2557 979 2632 archetypi
1001 2571 1090 2619 xxm

87 2648 224 2707 lacunam
251 2666 285 2706 ac
312 2647 455 2708 conflatus
485 2667 500 2705 e
525 2647 640 2706 duobus
667 2647 747 2704 lectu
770 2645 940 2704 difficilibus
963 2646 1089 2708 videtur.

173 2736 245 2813 Pag.
261 2747 355 2795 cxxv
374 2735 519 2794 distichon
537 2735 678 2794 1111234
698 2735 761 2793 235
785 2735 919 2810 spurium
937 2739 968 2795 et
987 2737 1090 2796 absur-

86 2823 156 2881 dum
180 2824 300 2900 egregie
323 2824 465 2883 indicavit
486 2823 534 2882 vir
555 2823 659 2882 doctus
679 2822 726 2883 W.
746 2821 863 2883 Gemoll
885 2824 917 2881 in
935 2826 1090 2885 annalibus

85 2911 228 2971 Fleckeis.
256 2912 326 2970 anni
355 2912 448 2972 1878.
503 2910 555 2970 sed
582 2910 731 2971 inserendi
758 2931 877 2971 causam
905 2914 1019 2971 nullam
1046 2915 1089 2971 di·

86 2999 202 3074 spicias,
234 2999 293 3057 nisi
318 3000 425 3059 lacuna
452 2999 573 3058 inventa
597 3000 696 3059 fuerit.
751 3000 925 3059 crediderim
958 3000 1090 3058 eiusdem

84 3087 165 3146 arch.
190 3086 314 3146 schedae
337 3088 446 3163 pagina
470 3105 575 3146 aversa
597 3089 689 3147 etiam
712 3090 933 3163 pentametrum
957 3087 1091 3146 ablatum

84 3175 191 3250 fuisse3
216 3193 285 3232 nam
308 3176 360 3250 qui
378 3175 463 3234 adest
482 3177 555 3251 306,
578 3175 678 3235 Ovidii
695 3194 754 3233 non
772 3174 900 3247 videtur,
923 3191 1011 3247 quem
1031 3193 1091 3233 non

84 3263 209 3321 memini
235 3265 410 3323 nobilitatem
438 3265 524 3336 faciet
551 3267 604 3322 aut
631 3265 707 3322 alius
734 3263 777 3319 rei
805 3263 944 3318 externae
973 3261 1089 3337 dixisse,

83 3354 295 3426 praeterquam
323 3369 381 3408 uno
404 3351 481 3426 loco,
509 3369 598 3426 quem
624 3350 748 3424 posthac
776 3349 949 3421 corruptum
971 3349 1088 3410 demon·

84 3440 198 3514 strabo,
222 3457 240 3498 a
262 3457 320 3514 quo
343 3434 540 3513 interpolator
562 3439 652 3496 etiam
676 3434 841 3492 ablativum
864 3428 1021 3498 ‘nobilitate
1032 3455 1090 3512 pro

84 3521 126 3603 τέ’,
150 3530 187 3586 ut
208 3529 295 3585 vetus
313 3526 461 3602 glossator
483 3523 627 3595 habebat,
650 3519 763 3579 ascivit.
