<?xml version="1.0" encoding="UTF-8"?>
<!DOCTYPE html PUBLIC "-//W3C//DTD XHTML 1.0 Transitional//EN"
    "http://www.w3.org/TR/xhtml1/DTD/xhtml1-transitional.dtd">
<html xmlns="http://www.w3.org/1999/xhtml" xml:lang="en" lang="en">
 <head>
  <title>
</title>
<meta http-equiv="Content-Type" content="text/html;charset=utf-8" />
  <meta name='ocr-system' content='tesseract 3.04.00' />
  <meta name='ocr-capabilities' content='ocr_page ocr_carea ocr_par ocr_line ocrx_word'/>
</head>
<body>
  <div class='ocr_page' id='page_1' title='image "./ovidiusexiterat00ovidgoog_0174.png"; bbox 0 0 2386 3892; ppageno 0'>
   <div class='ocr_carea' id='block_1_1' title="bbox 417 174 636 238">
    <p class='ocr_par' dir='ltr' id='par_1_1' title="bbox 417 174 636 238">
     <span class='ocr_line' id='line_1_1' title="bbox 417 174 636 238; baseline 0.014 -15"><span class='ocrx_word' id='word_1_1' title='bbox 417 174 438 223; x_wconf 91' lang='lat'><strong>1.</strong></span> <span class='ocrx_word' id='word_1_2' title='bbox 458 185 471 225; x_wconf 93' lang='lat'>1</span> <span class='ocrx_word' id='word_1_3' title='bbox 481 177 580 238; x_wconf 70' lang='lat' dir='ltr'><strong>tre-11</strong></span> <span class='ocrx_word' id='word_1_4' title='bbox 594 176 636 226; x_wconf 84' lang='lat' dir='ltr'><strong>aa.</strong></span> 
     </span>
    </p>
   </div>
   <div class='ocr_carea' id='block_1_2' title="bbox 62 335 1034 1297">
    <p class='ocr_par' dir='ltr' id='par_1_2' title="bbox 62 335 1034 1297">
     <span class='ocr_line' id='line_1_2' title="bbox 62 335 838 418; baseline -0.005 -18"><span class='ocrx_word' id='word_1_5' title='bbox 62 351 98 400; x_wconf 78' lang='lat' dir='ltr'><strong>&#39;to</strong></span> <span class='ocrx_word' id='word_1_6' title='bbox 157 337 308 415; x_wconf 72' lang='lat' dir='ltr'><strong>Aequorei</strong></span> <span class='ocrx_word' id='word_1_7' title='bbox 331 335 467 415; x_wconf 89' lang='lat' dir='ltr'><strong>scopulos</strong></span> <span class='ocrx_word' id='word_1_8' title='bbox 491 343 525 396; x_wconf 93' lang='lat' dir='ltr'><strong>ut</strong></span> <span class='ocrx_word' id='word_1_9' title='bbox 547 344 629 397; x_wconf 90' lang='lat' dir='ltr'><strong>cavat</strong></span> <span class='ocrx_word' id='word_1_10' title='bbox 651 335 730 397; x_wconf 90' lang='lat' dir='ltr'><strong>unda</strong></span> <span class='ocrx_word' id='word_1_11' title='bbox 753 335 838 418; x_wconf 79' lang='lat' dir='ltr'><strong>saiis3</strong></span> 
     </span>
     <span class='ocr_line' id='line_1_3' title="bbox 112 423 886 504; baseline -0.004 -17"><span class='ocrx_word' id='word_1_12' title='bbox 112 425 240 487; x_wconf 87' lang='lat' dir='ltr'><strong>Reditur</strong></span> <span class='ocrx_word' id='word_1_13' title='bbox 262 431 297 484; x_wconf 93' lang='lat' dir='ltr'><strong>ut</strong></span> <span class='ocrx_word' id='word_1_14' title='bbox 320 423 423 484; x_wconf 90' lang='lat' dir='ltr'><strong>scabra</strong></span> <span class='ocrx_word' id='word_1_15' title='bbox 445 425 575 501; x_wconf 91' lang='lat' dir='ltr'><strong>positum</strong></span> <span class='ocrx_word' id='word_1_16' title='bbox 597 423 732 503; x_wconf 76' lang='lat' dir='ltr'><strong>robigine</strong></span> <span class='ocrx_word' id='word_1_17' title='bbox 755 424 886 504; x_wconf 78' lang='lat' dir='ltr'><strong>terrum,</strong></span> 
     </span>
     <span class='ocr_line' id='line_1_4' title="bbox 159 511 825 590; baseline 0.002 -17"><span class='ocrx_word' id='word_1_18' title='bbox 159 511 304 573; x_wconf 80' lang='lat' dir='ltr'><strong>Conditus</strong></span> <span class='ocrx_word' id='word_1_19' title='bbox 327 520 361 573; x_wconf 91' lang='lat' dir='ltr'><strong>ut</strong></span> <span class='ocrx_word' id='word_1_20' title='bbox 383 513 479 573; x_wconf 89' lang='lat' dir='ltr'><strong>tineae</strong></span> <span class='ocrx_word' id='word_1_21' title='bbox 503 513 635 590; x_wconf 81' lang='lat' dir='ltr'><strong>carpitur</strong></span> <span class='ocrx_word' id='word_1_22' title='bbox 658 530 709 573; x_wconf 89' lang='lat' dir='ltr'><strong>ore</strong></span> <span class='ocrx_word' id='word_1_23' title='bbox 733 511 825 574; x_wconf 89' lang='lat' dir='ltr'><strong>liber:</strong></span> 
     </span>
     <span class='ocr_line' id='line_1_5' title="bbox 115 601 900 680; baseline -0.001 -18"><span class='ocrx_word' id='word_1_24' title='bbox 115 601 165 662; x_wconf 89' lang='lat' dir='ltr'><strong>Sic</strong></span> <span class='ocrx_word' id='word_1_25' title='bbox 187 618 254 661; x_wconf 90' lang='lat' dir='ltr'><strong>mea</strong></span> <span class='ocrx_word' id='word_1_26' title='bbox 276 607 436 679; x_wconf 90' lang='lat' dir='ltr'><strong>perpetuos</strong></span> <span class='ocrx_word' id='word_1_27' title='bbox 460 617 600 661; x_wconf 90' lang='lat' dir='ltr'><strong>curarum</strong></span> <span class='ocrx_word' id='word_1_28' title='bbox 622 608 744 679; x_wconf 83' lang='lat' dir='ltr'><strong>pectora</strong></span> <span class='ocrx_word' id='word_1_29' title='bbox 765 617 900 680; x_wconf 86' lang='lat' dir='ltr'><strong>morsus,</strong></span> 
     </span>
     <span class='ocr_line' id='line_1_6' title="bbox 159 686 857 769; baseline 0 -20"><span class='ocrx_word' id='word_1_30' title='bbox 159 688 232 749; x_wconf 86' lang='lat' dir='ltr'>Fine</span> <span class='ocrx_word' id='word_1_31' title='bbox 256 688 365 765; x_wconf 90' lang='lat' dir='ltr'><strong>quibus</strong></span> <span class='ocrx_word' id='word_1_32' title='bbox 388 686 468 748; x_wconf 90' lang='lat' dir='ltr'><strong>nuilo</strong></span> <span class='ocrx_word' id='word_1_33' title='bbox 492 689 708 769; x_wconf 85' lang='lat' dir='ltr'><strong>conficiantur,</strong></span> <span class='ocrx_word' id='word_1_34' title='bbox 730 687 857 749; x_wconf 92' lang='lat' dir='ltr'><strong>babent.</strong></span> 
     </span>
     <span class='ocr_line' id='line_1_7' title="bbox 66 775 1034 856; baseline -0.003 -16"><span class='ocrx_word' id='word_1_35' title='bbox 66 789 101 840; x_wconf 80' lang='lat' dir='ltr'><strong>&#39;to</strong></span> <span class='ocrx_word' id='word_1_36' title='bbox 115 776 176 837; x_wconf 90' lang='lat' dir='ltr'><strong>Nec</strong></span> <span class='ocrx_word' id='word_1_37' title='bbox 199 779 284 855; x_wconf 91' lang='lat' dir='ltr'><strong>prius</strong></span> <span class='ocrx_word' id='word_1_38' title='bbox 307 777 339 836; x_wconf 92' lang='lat' dir='ltr'><strong>bi</strong></span> <span class='ocrx_word' id='word_1_39' title='bbox 363 784 491 837; x_wconf 90' lang='lat' dir='ltr'><strong>mentem</strong></span> <span class='ocrx_word' id='word_1_40' title='bbox 516 775 649 856; x_wconf 87' lang='lat' dir='ltr'><strong>stimuli,</strong></span> <span class='ocrx_word' id='word_1_41' title='bbox 675 794 763 854; x_wconf 90' lang='lat' dir='ltr'><strong>quam</strong></span> <span class='ocrx_word' id='word_1_42' title='bbox 786 778 846 837; x_wconf 83' lang='lat' dir='ltr'><strong>vita</strong></span> <span class='ocrx_word' id='word_1_43' title='bbox 868 775 1034 856; x_wconf 89' lang='lat' dir='ltr'><strong>relinquet;</strong></span> 
     </span>
     <span class='ocr_line' id='line_1_8' title="bbox 161 863 945 944; baseline -0.003 -19"><span class='ocrx_word' id='word_1_44' title='bbox 161 864 277 943; x_wconf 84' lang='lat' dir='ltr'>Quique</span> <span class='ocrx_word' id='word_1_45' title='bbox 302 863 404 943; x_wconf 90' lang='lat' dir='ltr'><strong>dolet,</strong></span> <span class='ocrx_word' id='word_1_46' title='bbox 427 865 515 924; x_wconf 91' lang='lat' dir='ltr'><strong>citius</strong></span> <span class='ocrx_word' id='word_1_47' title='bbox 539 881 627 943; x_wconf 91' lang='lat' dir='ltr'><strong>quam</strong></span> <span class='ocrx_word' id='word_1_48' title='bbox 650 863 734 924; x_wconf 89' lang='lat' dir='ltr'><strong>dolor</strong></span> <span class='ocrx_word' id='word_1_49' title='bbox 757 863 945 944; x_wconf 80' lang='lat' dir='ltr'><strong>ipsecadet.</strong></span> 
     </span>
     <span class='ocr_line' id='line_1_9' title="bbox 117 951 1034 1032; baseline -0.002 -19"><span class='ocrx_word' id='word_1_50' title='bbox 117 952 180 1013; x_wconf 87' lang='lat' dir='ltr'><strong>Hoc</strong></span> <span class='ocrx_word' id='word_1_51' title='bbox 199 953 272 1012; x_wconf 92' lang='lat' dir='ltr'><strong>mihi</strong></span> <span class='ocrx_word' id='word_1_52' title='bbox 295 954 322 1013; x_wconf 89' lang='lat' dir='ltr'><strong>si</strong></span> <span class='ocrx_word' id='word_1_53' title='bbox 344 955 463 1031; x_wconf 85' lang='lat' dir='ltr'><strong>superi,</strong></span> <span class='ocrx_word' id='word_1_54' title='bbox 482 970 609 1030; x_wconf 91' lang='lat' dir='ltr'><strong>quorum</strong></span> <span class='ocrx_word' id='word_1_55' title='bbox 629 969 731 1013; x_wconf 91' lang='lat' dir='ltr'><strong>sumus</strong></span> <span class='ocrx_word' id='word_1_56' title='bbox 755 954 871 1032; x_wconf 91' lang='lat' dir='ltr'><strong>omnia,</strong></span> <span class='ocrx_word' id='word_1_57' title='bbox 894 951 1034 1031; x_wconf 88' lang='lat' dir='ltr'><strong>credent,</strong></span> 
     </span>
     <span class='ocr_line' id='line_1_10' title="bbox 161 1038 805 1122; baseline -0.002 -22"><span class='ocrx_word' id='word_1_58' title='bbox 161 1040 296 1101; x_wconf 83' lang='lat' dir='ltr'><strong>Forsitan</strong></span> <span class='ocrx_word' id='word_1_59' title='bbox 320 1042 425 1118; x_wconf 81' lang='lat' dir='ltr'><strong>exigua</strong></span> <span class='ocrx_word' id='word_1_60' title='bbox 448 1039 555 1118; x_wconf 83' lang='lat' dir='ltr'><strong>dignus</strong></span> <span class='ocrx_word' id='word_1_61' title='bbox 578 1038 709 1100; x_wconf 89' lang='lat' dir='ltr'><strong>habebor</strong></span> <span class='ocrx_word' id='word_1_62' title='bbox 731 1057 805 1122; x_wconf 84' lang='lat' dir='ltr'><strong>ope,</strong></span> 
     </span>
     <span class='ocr_line' id='line_1_11' title="bbox 116 1127 973 1207; baseline 0 -19"><span class='ocrx_word' id='word_1_63' title='bbox 116 1128 209 1206; x_wconf 89' lang='lat' dir='ltr'><strong>Inque</strong></span> <span class='ocrx_word' id='word_1_64' title='bbox 232 1127 331 1189; x_wconf 90' lang='lat' dir='ltr'><strong>iocum</strong></span> <span class='ocrx_word' id='word_1_65' title='bbox 356 1127 492 1207; x_wconf 79' lang='lat' dir='ltr'><strong>Scythico</strong></span> <span class='ocrx_word' id='word_1_66' title='bbox 516 1145 641 1189; x_wconf 87' lang='lat' dir='ltr'><strong>vacuum</strong></span> <span class='ocrx_word' id='word_1_67' title='bbox 664 1128 799 1189; x_wconf 89' lang='lat' dir='ltr'><strong>mutabor</strong></span> <span class='ocrx_word' id='word_1_68' title='bbox 824 1127 860 1188; x_wconf 91' lang='lat' dir='ltr'><strong>ab</strong></span> <span class='ocrx_word' id='word_1_69' title='bbox 883 1144 973 1189; x_wconf 89' lang='lat' dir='ltr'><strong>arcu.</strong></span> 
     </span>
     <span class='ocr_line' id='line_1_12' title="bbox 68 1215 824 1297; baseline -0.005 -18"><span class='ocrx_word' id='word_1_70' title='bbox 68 1230 102 1279; x_wconf 82' lang='lat'><strong>80</strong></span> <span class='ocrx_word' id='word_1_71' title='bbox 161 1215 232 1277; x_wconf 88' lang='lat' dir='ltr'><strong>Plus</strong></span> <span class='ocrx_word' id='word_1_72' title='bbox 255 1219 313 1276; x_wconf 91' lang='lat' dir='ltr'><strong>isto</strong></span> <span class='ocrx_word' id='word_1_73' title='bbox 326 1263 335 1295; x_wconf 85' lang='lat'><strong>,</strong></span> <span class='ocrx_word' id='word_1_74' title='bbox 359 1217 426 1277; x_wconf 90' lang='lat' dir='ltr'><strong>duri</strong></span> <span class='ocrx_word' id='word_1_75' title='bbox 439 1263 449 1297; x_wconf 92' lang='lat'><strong>,</strong></span> <span class='ocrx_word' id='word_1_76' title='bbox 472 1217 498 1276; x_wconf 90' lang='lat' dir='ltr'><strong>si</strong></span> <span class='ocrx_word' id='word_1_77' title='bbox 520 1233 626 1295; x_wconf 80' lang='lat' dir='ltr'><strong>procer</strong></span> <span class='ocrx_word' id='word_1_78' title='bbox 639 1263 648 1295; x_wconf 91' lang='lat'><strong>,</strong></span> <span class='ocrx_word' id='word_1_79' title='bbox 671 1217 730 1275; x_wconf 87' lang='lat' dir='ltr'><strong>oris</strong></span> <span class='ocrx_word' id='word_1_80' title='bbox 753 1233 824 1277; x_wconf 88' lang='lat' dir='ltr'><strong>ero.</strong></span> 
     </span>
    </p>
   </div>
   <div class='ocr_carea' id='block_1_3' title="bbox 505 1408 550 1479">
    <p class='ocr_par' dir='ltr' id='par_1_3' title="bbox 505 1408 550 1479">
     <span class='ocr_line' id='line_1_13' title="bbox 505 1408 550 1479; baseline 0 0"><span class='ocrx_word' id='word_1_81' title='bbox 505 1408 550 1479; x_wconf 93' lang='grc' dir='ltr'><strong>ΙΙ.</strong></span> 
     </span>
    </p>
   </div>
   <div class='ocr_carea' id='block_1_4' title="bbox 71 1567 1057 2350">
    <p class='ocr_par' dir='ltr' id='par_1_4' title="bbox 71 1567 1057 2350">
     <span class='ocr_line' id='line_1_14' title="bbox 117 1567 906 1649; baseline 0.001 -22"><span class='ocrx_word' id='word_1_82' title='bbox 117 1568 265 1649; x_wconf 82' lang='lat' dir='ltr'><strong>Maxime,</strong></span> <span class='ocrx_word' id='word_1_83' title='bbox 288 1570 339 1646; x_wconf 95' lang='lat' dir='ltr'><strong>qui</strong></span> <span class='ocrx_word' id='word_1_84' title='bbox 362 1570 436 1628; x_wconf 93' lang='lat' dir='ltr'><strong>tanti</strong></span> <span class='ocrx_word' id='word_1_85' title='bbox 459 1584 627 1628; x_wconf 90' lang='lat' dir='ltr'><strong>mensuram</strong></span> <span class='ocrx_word' id='word_1_86' title='bbox 650 1569 778 1629; x_wconf 88' lang='lat' dir='ltr'><strong>nominis</strong></span> <span class='ocrx_word' id='word_1_87' title='bbox 801 1567 906 1648; x_wconf 91' lang='lat' dir='ltr'><strong>imples</strong></span> 
     </span>
     <span class='ocr_line' id='line_1_15' title="bbox 162 1655 780 1734; baseline 0 -18"><span class='ocrx_word' id='word_1_88' title='bbox 162 1655 199 1716; x_wconf 85' lang='lat' dir='ltr'><strong>Et</strong></span> <span class='ocrx_word' id='word_1_89' title='bbox 223 1658 354 1733; x_wconf 87' lang='lat' dir='ltr'><strong>geminas</strong></span> <span class='ocrx_word' id='word_1_90' title='bbox 378 1658 466 1715; x_wconf 91' lang='lat' dir='ltr'><strong>animi</strong></span> <span class='ocrx_word' id='word_1_91' title='bbox 489 1655 641 1717; x_wconf 90' lang='lat' dir='ltr'><strong>nobilitate</strong></span> <span class='ocrx_word' id='word_1_92' title='bbox 664 1673 780 1734; x_wconf 88' lang='lat' dir='ltr'><strong>genus:</strong></span> 
     </span>
     <span class='ocr_line' id='line_1_16' title="bbox 119 1744 969 1825; baseline 0.001 -21"><span class='ocrx_word' id='word_1_93' title='bbox 119 1744 177 1814; x_wconf 84' lang='lat' dir='ltr'><strong>Qui</strong></span> <span class='ocrx_word' id='word_1_94' title='bbox 199 1746 282 1804; x_wconf 89' lang='lat' dir='ltr'><strong>nasci</strong></span> <span class='ocrx_word' id='word_1_95' title='bbox 305 1751 338 1804; x_wconf 91' lang='lat' dir='ltr'><strong>ut</strong></span> <span class='ocrx_word' id='word_1_96' title='bbox 361 1761 486 1825; x_wconf 88' lang='lat' dir='ltr'><strong>posses,</strong></span> <span class='ocrx_word' id='word_1_97' title='bbox 510 1746 642 1822; x_wconf 88' lang='lat' dir='ltr'><strong>quamvis</strong></span> <span class='ocrx_word' id='word_1_98' title='bbox 666 1744 800 1805; x_wconf 87' lang='lat' dir='ltr'><strong>cecidere</strong></span> <span class='ocrx_word' id='word_1_99' title='bbox 824 1745 969 1824; x_wconf 90' lang='lat' dir='ltr'><strong>trecenti,</strong></span> 
     </span>
     <span class='ocr_line' id='line_1_17' title="bbox 162 1830 806 1894; baseline 0.002 -2"><span class='ocrx_word' id='word_1_100' title='bbox 162 1831 228 1892; x_wconf 89' lang='lat' dir='ltr'><strong>Non</strong></span> <span class='ocrx_word' id='word_1_101' title='bbox 251 1834 347 1892; x_wconf 92' lang='lat' dir='ltr'><strong>omnis</strong></span> <span class='ocrx_word' id='word_1_102' title='bbox 370 1830 476 1892; x_wconf 87' lang='lat' dir='ltr'><strong>Fabios</strong></span> <span class='ocrx_word' id='word_1_103' title='bbox 500 1830 621 1892; x_wconf 91' lang='lat' dir='ltr'><strong>abstulit</strong></span> <span class='ocrx_word' id='word_1_104' title='bbox 643 1849 702 1893; x_wconf 94' lang='lat' dir='ltr'><strong>una</strong></span> <span class='ocrx_word' id='word_1_105' title='bbox 725 1832 806 1894; x_wconf 90' lang='lat' dir='ltr'><strong>dies:</strong></span> 
     </span>
     <span class='ocr_line' id='line_1_18' title="bbox 87 1919 1057 2001; baseline 0 -21"><span class='ocrx_word' id='word_1_106' title='bbox 87 1920 254 1981; x_wconf 81' lang='lat' dir='ltr'><strong>oForsitan</strong></span> <span class='ocrx_word' id='word_1_107' title='bbox 276 1919 349 1980; x_wconf 89' lang='lat' dir='ltr'><strong>haec</strong></span> <span class='ocrx_word' id='word_1_108' title='bbox 372 1938 388 1980; x_wconf 93' lang='lat' dir='ltr'><strong>a</strong></span> <span class='ocrx_word' id='word_1_109' title='bbox 411 1938 470 1998; x_wconf 92' lang='lat' dir='ltr'><strong>quo</strong></span> <span class='ocrx_word' id='word_1_110' title='bbox 493 1921 626 1981; x_wconf 90' lang='lat' dir='ltr'><strong>mittatur</strong></span> <span class='ocrx_word' id='word_1_111' title='bbox 650 1920 772 2000; x_wconf 90' lang='lat' dir='ltr'><strong>epistola</strong></span> <span class='ocrx_word' id='word_1_112' title='bbox 785 1968 794 2001; x_wconf 96' lang='lat'><strong>,</strong></span> <span class='ocrx_word' id='word_1_113' title='bbox 818 1937 960 2000; x_wconf 86' lang='lat' dir='ltr'><strong>quaeras,</strong></span> <span class='ocrx_word' id='word_1_114' title='bbox 1053 1966 1057 1970; x_wconf 87' lang='lat'>.</span> 
     </span>
     <span class='ocr_line' id='line_1_19' title="bbox 163 2008 903 2089; baseline 0 -20"><span class='ocrx_word' id='word_1_115' title='bbox 163 2008 296 2087; x_wconf 85' lang='lat' dir='ltr'><strong>Quisque</strong></span> <span class='ocrx_word' id='word_1_116' title='bbox 320 2008 425 2086; x_wconf 88' lang='lat' dir='ltr'><strong>loquar</strong></span> <span class='ocrx_word' id='word_1_117' title='bbox 446 2016 568 2089; x_wconf 90' lang='lat' dir='ltr'><strong>tecum,</strong></span> <span class='ocrx_word' id='word_1_118' title='bbox 591 2010 700 2069; x_wconf 91' lang='lat' dir='ltr'><strong>certior</strong></span> <span class='ocrx_word' id='word_1_119' title='bbox 724 2026 790 2069; x_wconf 86' lang='lat' dir='ltr'><strong>esse</strong></span> <span class='ocrx_word' id='word_1_120' title='bbox 813 2008 903 2069; x_wconf 87' lang='lat' dir='ltr'><strong>velis.</strong></span> 
     </span>
     <span class='ocr_line' id='line_1_20' title="bbox 118 2091 996 2177; baseline 0.001 -23"><span class='ocrx_word' id='word_1_121' title='bbox 118 2094 154 2154; x_wconf 86' lang='lat' dir='ltr'><strong>Ei</strong></span> <span class='ocrx_word' id='word_1_122' title='bbox 176 2095 271 2157; x_wconf 90' lang='lat' dir='ltr'><strong>mihii</strong></span> <span class='ocrx_word' id='word_1_123' title='bbox 305 2097 375 2175; x_wconf 84' lang='lat' dir='ltr'><strong>quid</strong></span> <span class='ocrx_word' id='word_1_124' title='bbox 399 2091 533 2156; x_wconf 78' lang='lat' dir='ltr'><strong>faciam?</strong></span> <span class='ocrx_word' id='word_1_125' title='bbox 566 2114 670 2157; x_wconf 88' lang='lat' dir='ltr'><strong>vereor</strong></span> <span class='ocrx_word' id='word_1_126' title='bbox 683 2144 692 2177; x_wconf 96' lang='lat'><strong>,</strong></span> <span class='ocrx_word' id='word_1_127' title='bbox 715 2114 752 2157; x_wconf 90' lang='lat' dir='ltr'><strong>ne</strong></span> <span class='ocrx_word' id='word_1_128' title='bbox 776 2098 896 2157; x_wconf 89' lang='lat' dir='ltr'><strong>nomine</strong></span> <span class='ocrx_word' id='word_1_129' title='bbox 920 2095 996 2157; x_wconf 85' lang='lat' dir='ltr'><strong>lecto</strong></span> 
     </span>
     <span class='ocr_line' id='line_1_21' title="bbox 87 2184 801 2263; baseline -0.001 -17"><span class='ocrx_word' id='word_1_130' title='bbox 87 2196 103 2245; x_wconf 88' lang='lat'>8</span> <span class='ocrx_word' id='word_1_131' title='bbox 162 2184 261 2246; x_wconf 87' lang='lat' dir='ltr'><strong>Durus</strong></span> <span class='ocrx_word' id='word_1_132' title='bbox 285 2192 315 2244; x_wconf 93' lang='lat' dir='ltr'><strong>et</strong></span> <span class='ocrx_word' id='word_1_133' title='bbox 338 2202 439 2244; x_wconf 89' lang='lat' dir='ltr'><strong>aversa</strong></span> <span class='ocrx_word' id='word_1_134' title='bbox 462 2192 561 2244; x_wconf 89' lang='lat' dir='ltr'><strong>cetera</strong></span> <span class='ocrx_word' id='word_1_135' title='bbox 583 2191 682 2244; x_wconf 80' lang='lat' dir='ltr'><strong>utente</strong></span> <span class='ocrx_word' id='word_1_136' title='bbox 705 2184 801 2263; x_wconf 85' lang='lat' dir='ltr'><strong>legas.</strong></span> 
     </span>
     <span class='ocr_line' id='line_1_22' title="bbox 71 2271 847 2350; baseline 0.003 -19"><span class='ocrx_word' id='word_1_137' title='bbox 71 2283 103 2331; x_wconf 92' lang='lat'><strong>11</strong></span> <span class='ocrx_word' id='word_1_138' title='bbox 121 2271 257 2334; x_wconf 87' lang='lat' dir='ltr'><strong>Videris:</strong></span> <span class='ocrx_word' id='word_1_139' title='bbox 294 2271 408 2332; x_wconf 88' lang='lat' dir='ltr'><strong>audebo</strong></span> <span class='ocrx_word' id='word_1_140' title='bbox 432 2271 486 2332; x_wconf 94' lang='lat' dir='ltr'><strong>tibi</strong></span> <span class='ocrx_word' id='word_1_141' title='bbox 509 2289 556 2331; x_wconf 90' lang='lat' dir='ltr'><strong>me</strong></span> <span class='ocrx_word' id='word_1_142' title='bbox 580 2273 735 2350; x_wconf 89' lang='lat' dir='ltr'><strong>scripsisse</strong></span> <span class='ocrx_word' id='word_1_143' title='bbox 759 2272 847 2333; x_wconf 85' lang='lat' dir='ltr'><strong>iateri</strong></span> 
     </span>
    </p>
   </div>
   <div class='ocr_carea' id='block_1_5' title="bbox 62 2447 1036 3580">
    <p class='ocr_par' dir='ltr' id='par_1_5' title="bbox 67 2447 1036 3143">
     <span class='ocr_line' id='line_1_23' title="bbox 120 2447 1036 2527; baseline -0.003 -19"><span class='ocrx_word' id='word_1_144' title='bbox 120 2449 199 2527; x_wconf 88' lang='lat' dir='ltr'><strong>Qui,</strong></span> <span class='ocrx_word' id='word_1_145' title='bbox 223 2466 291 2508; x_wconf 92' lang='lat' dir='ltr'><strong>cum</strong></span> <span class='ocrx_word' id='word_1_146' title='bbox 314 2466 361 2508; x_wconf 90' lang='lat' dir='ltr'><strong>me</strong></span> <span class='ocrx_word' id='word_1_147' title='bbox 385 2465 479 2527; x_wconf 89' lang='lat' dir='ltr'><strong>poena</strong></span> <span class='ocrx_word' id='word_1_148' title='bbox 502 2447 622 2525; x_wconf 87' lang='lat' dir='ltr'><strong>dignum</strong></span> <span class='ocrx_word' id='word_1_149' title='bbox 645 2448 780 2525; x_wconf 85' lang='lat' dir='ltr'><strong>graviore</strong></span> <span class='ocrx_word' id='word_1_150' title='bbox 803 2447 896 2507; x_wconf 83' lang='lat' dir='ltr'><strong>fuisse</strong></span> <span class='ocrx_word' id='word_1_151' title='bbox 1007 2459 1036 2506; x_wconf 80' lang='lat' dir='ltr'><strong>o&gt;</strong></span> 
     </span>
     <span class='ocr_line' id='line_1_24' title="bbox 165 2534 806 2615; baseline -0.008 -17"><span class='ocrx_word' id='word_1_152' title='bbox 165 2536 333 2615; x_wconf 86' lang='lat' dir='ltr'><strong>Confitear,</strong></span> <span class='ocrx_word' id='word_1_153' title='bbox 357 2554 477 2615; x_wconf 91' lang='lat' dir='ltr'><strong>possum</strong></span> <span class='ocrx_word' id='word_1_154' title='bbox 501 2537 549 2595; x_wconf 82' lang='lat' dir='ltr'><strong>vix</strong></span> <span class='ocrx_word' id='word_1_155' title='bbox 572 2536 705 2614; x_wconf 84' lang='lat' dir='ltr'><strong>graviora</strong></span> <span class='ocrx_word' id='word_1_156' title='bbox 727 2534 806 2612; x_wconf 91' lang='lat' dir='ltr'><strong>pati.</strong></span> 
     </span>
     <span class='ocr_line' id='line_1_25' title="bbox 72 2620 904 2702; baseline -0.002 -19"><span class='ocrx_word' id='word_1_157' title='bbox 72 2635 104 2683; x_wconf 80' lang='lat'><strong>15</strong></span> <span class='ocrx_word' id='word_1_158' title='bbox 121 2624 262 2684; x_wconf 90' lang='lat' dir='ltr'><strong>Hostibus</strong></span> <span class='ocrx_word' id='word_1_159' title='bbox 286 2627 316 2684; x_wconf 92' lang='lat' dir='ltr'><strong>in</strong></span> <span class='ocrx_word' id='word_1_160' title='bbox 340 2625 445 2685; x_wconf 92' lang='lat' dir='ltr'><strong>mediis</strong></span> <span class='ocrx_word' id='word_1_161' title='bbox 468 2627 605 2702; x_wconf 90' lang='lat' dir='ltr'><strong>interque</strong></span> <span class='ocrx_word' id='word_1_162' title='bbox 628 2620 760 2702; x_wconf 89' lang='lat' dir='ltr'><strong>pericula</strong></span> <span class='ocrx_word' id='word_1_163' title='bbox 783 2638 904 2701; x_wconf 87' lang='lat' dir='ltr'><strong>versor,</strong></span> 
     </span>
     <span class='ocr_line' id='line_1_26' title="bbox 164 2709 949 2791; baseline -0.001 -19"><span class='ocrx_word' id='word_1_164' title='bbox 164 2712 326 2791; x_wconf 86' lang='lat' dir='ltr'><strong>Tamquam</strong></span> <span class='ocrx_word' id='word_1_165' title='bbox 351 2730 418 2772; x_wconf 91' lang='lat' dir='ltr'><strong>cum</strong></span> <span class='ocrx_word' id='word_1_166' title='bbox 441 2713 536 2791; x_wconf 92' lang='lat' dir='ltr'><strong>patria</strong></span> <span class='ocrx_word' id='word_1_167' title='bbox 559 2729 615 2789; x_wconf 82' lang='lat' dir='ltr'><strong>pax</strong></span> <span class='ocrx_word' id='word_1_168' title='bbox 639 2713 678 2771; x_wconf 91' lang='lat' dir='ltr'><strong>sit</strong></span> <span class='ocrx_word' id='word_1_169' title='bbox 700 2710 836 2789; x_wconf 86' lang='lat' dir='ltr'><strong>adempta</strong></span> <span class='ocrx_word' id='word_1_170' title='bbox 859 2709 949 2772; x_wconf 88' lang='lat' dir='ltr'><strong>mihi:</strong></span> 
     </span>
     <span class='ocr_line' id='line_1_27' title="bbox 120 2799 957 2880; baseline 0.001 -21"><span class='ocrx_word' id='word_1_171' title='bbox 120 2800 199 2880; x_wconf 83' lang='lat' dir='ltr'><strong>Qui,</strong></span> <span class='ocrx_word' id='word_1_172' title='bbox 223 2803 327 2860; x_wconf 91' lang='lat' dir='ltr'><strong>mortis</strong></span> <span class='ocrx_word' id='word_1_173' title='bbox 351 2817 437 2860; x_wconf 91' lang='lat' dir='ltr'><strong>saevo</strong></span> <span class='ocrx_word' id='word_1_174' title='bbox 460 2801 611 2878; x_wconf 83' lang='lat' dir='ltr'><strong>geminent</strong></span> <span class='ocrx_word' id='word_1_175' title='bbox 633 2808 667 2860; x_wconf 89' lang='lat' dir='ltr'><strong>ut</strong></span> <span class='ocrx_word' id='word_1_176' title='bbox 689 2799 811 2861; x_wconf 89' lang='lat' dir='ltr'><strong>vulnere</strong></span> <span class='ocrx_word' id='word_1_177' title='bbox 835 2816 957 2880; x_wconf 86' lang='lat' dir='ltr'><strong>causas,</strong></span> 
     </span>
     <span class='ocr_line' id='line_1_28' title="bbox 163 2886 775 2967; baseline 0 -19"><span class='ocrx_word' id='word_1_178' title='bbox 163 2887 269 2948; x_wconf 90' lang='lat' dir='ltr'><strong>Omnia</strong></span> <span class='ocrx_word' id='word_1_179' title='bbox 293 2890 411 2966; x_wconf 89' lang='lat' dir='ltr'><strong>vipereo</strong></span> <span class='ocrx_word' id='word_1_180' title='bbox 435 2887 547 2967; x_wconf 89' lang='lat' dir='ltr'><strong>spicula</strong></span> <span class='ocrx_word' id='word_1_181' title='bbox 571 2886 638 2947; x_wconf 81' lang='lat' dir='ltr'><strong>telle</strong></span> <span class='ocrx_word' id='word_1_182' title='bbox 661 2886 775 2949; x_wconf 87' lang='lat' dir='ltr'><strong>linunt.</strong></span> 
     </span>
     <span class='ocr_line' id='line_1_29' title="bbox 119 2975 927 3055; baseline 0 -21"><span class='ocrx_word' id='word_1_183' title='bbox 119 2975 172 3035; x_wconf 89' lang='lat' dir='ltr'><strong>His</strong></span> <span class='ocrx_word' id='word_1_184' title='bbox 195 2994 288 3054; x_wconf 88' lang='lat' dir='ltr'><strong>eques</strong></span> <span class='ocrx_word' id='word_1_185' title='bbox 312 2979 476 3037; x_wconf 81' lang='lat' dir='ltr'><strong>instructus</strong></span> <span class='ocrx_word' id='word_1_186' title='bbox 498 2978 656 3055; x_wconf 87' lang='lat' dir='ltr'><strong>perterrita</strong></span> <span class='ocrx_word' id='word_1_187' title='bbox 680 2978 796 3037; x_wconf 91' lang='lat' dir='ltr'><strong>moenia</strong></span> <span class='ocrx_word' id='word_1_188' title='bbox 819 2975 927 3036; x_wconf 89' lang='lat' dir='ltr'><strong>lustrat</strong></span> 
     </span>
     <span class='ocr_line' id='line_1_30' title="bbox 67 3062 785 3143; baseline 0.001 -20"><span class='ocrx_word' id='word_1_189' title='bbox 67 3076 103 3126; x_wconf 78' lang='lat'><strong>20</strong></span> <span class='ocrx_word' id='word_1_190' title='bbox 163 3062 245 3124; x_wconf 89' lang='lat' dir='ltr'><strong>More</strong></span> <span class='ocrx_word' id='word_1_191' title='bbox 268 3065 332 3143; x_wconf 89' lang='lat' dir='ltr'><strong>lupi</strong></span> <span class='ocrx_word' id='word_1_192' title='bbox 354 3064 468 3125; x_wconf 89' lang='lat' dir='ltr'><strong>clausas</strong></span> <span class='ocrx_word' id='word_1_193' title='bbox 492 3066 674 3124; x_wconf 88' lang='lat' dir='ltr'><strong>circueuntis</strong></span> <span class='ocrx_word' id='word_1_194' title='bbox 698 3081 785 3124; x_wconf 87' lang='lat' dir='ltr'><strong>oves:</strong></span> 
     </span>
    </p>

    <p class='ocr_par' dir='ltr' id='par_1_6' title="bbox 118 3150 913 3495">
     <span class='ocr_line' id='line_1_31' title="bbox 118 3150 892 3228; baseline -0.003 -17"><span class='ocrx_word' id='word_1_195' title='bbox 118 3151 156 3212; x_wconf 80' lang='lat' dir='ltr'><strong>At</strong></span> <span class='ocrx_word' id='word_1_196' title='bbox 180 3152 268 3213; x_wconf 90' lang='lat' dir='ltr'><strong>simui</strong></span> <span class='ocrx_word' id='word_1_197' title='bbox 291 3154 423 3212; x_wconf 90' lang='lat' dir='ltr'><strong>intentus</strong></span> <span class='ocrx_word' id='word_1_198' title='bbox 446 3170 536 3212; x_wconf 90' lang='lat' dir='ltr'><strong>nervo</strong></span> <span class='ocrx_word' id='word_1_199' title='bbox 559 3150 632 3211; x_wconf 88' lang='lat' dir='ltr'><strong>levis</strong></span> <span class='ocrx_word' id='word_1_200' title='bbox 655 3169 742 3213; x_wconf 92' lang='lat' dir='ltr'><strong>arcus</strong></span> <span class='ocrx_word' id='word_1_201' title='bbox 765 3151 892 3228; x_wconf 89' lang='lat' dir='ltr'><strong>equino,</strong></span> 
     </span>
     <span class='ocr_line' id='line_1_32' title="bbox 164 3238 893 3319; baseline -0.001 -22"><span class='ocrx_word' id='word_1_202' title='bbox 164 3238 286 3300; x_wconf 91' lang='lat' dir='ltr'><strong>Vincula</strong></span> <span class='ocrx_word' id='word_1_203' title='bbox 309 3258 427 3319; x_wconf 91' lang='lat' dir='ltr'><strong>semper</strong></span> <span class='ocrx_word' id='word_1_204' title='bbox 449 3239 561 3301; x_wconf 91' lang='lat' dir='ltr'><strong>habens</strong></span> <span class='ocrx_word' id='word_1_205' title='bbox 584 3239 766 3317; x_wconf 89' lang='lat' dir='ltr'><strong>inresoluta,</strong></span> <span class='ocrx_word' id='word_1_206' title='bbox 791 3244 893 3316; x_wconf 87' lang='lat' dir='ltr'><strong>canet,</strong></span> 
     </span>
     <span class='ocr_line' id='line_1_33' title="bbox 120 3326 913 3406; baseline -0.004 -20"><span class='ocrx_word' id='word_1_207' title='bbox 120 3326 210 3388; x_wconf 84' lang='lat' dir='ltr'><strong>Tecta</strong></span> <span class='ocrx_word' id='word_1_208' title='bbox 233 3330 332 3406; x_wconf 84' lang='lat' dir='ltr'><strong>rigent</strong></span> <span class='ocrx_word' id='word_1_209' title='bbox 354 3329 420 3388; x_wconf 85' lang='lat' dir='ltr'><strong>fixis</strong></span> <span class='ocrx_word' id='word_1_210' title='bbox 443 3327 534 3387; x_wconf 89' lang='lat' dir='ltr'><strong>veluti</strong></span> <span class='ocrx_word' id='word_1_211' title='bbox 557 3326 660 3386; x_wconf 87' lang='lat' dir='ltr'><strong>vallata</strong></span> <span class='ocrx_word' id='word_1_212' title='bbox 684 3327 816 3404; x_wconf 87' lang='lat' dir='ltr'><strong>sagittis,</strong></span> <span class='ocrx_word' id='word_1_213' title='bbox 911 3327 913 3330; x_wconf 76' lang='grc'>’</span> 
     </span>
     <span class='ocr_line' id='line_1_34' title="bbox 163 3414 888 3495; baseline -0.003 -21"><span class='ocrx_word' id='word_1_214' title='bbox 163 3414 312 3495; x_wconf 88' lang='lat' dir='ltr'><strong>Portaque</strong></span> <span class='ocrx_word' id='word_1_215' title='bbox 336 3417 384 3475; x_wconf 85' lang='lat' dir='ltr'><strong>vix</strong></span> <span class='ocrx_word' id='word_1_216' title='bbox 407 3415 490 3475; x_wconf 84' lang='lat' dir='ltr'><strong>firma</strong></span> <span class='ocrx_word' id='word_1_217' title='bbox 514 3421 679 3474; x_wconf 90' lang='lat' dir='ltr'><strong>summovet</strong></span> <span class='ocrx_word' id='word_1_218' title='bbox 701 3430 782 3473; x_wconf 93' lang='lat' dir='ltr'><strong>arma</strong></span> <span class='ocrx_word' id='word_1_219' title='bbox 805 3429 888 3473; x_wconf 88' lang='lat' dir='ltr'><strong>sera.</strong></span> 
     </span>
    </p>

    <p class='ocr_par' dir='ltr' id='par_1_7' title="bbox 62 3499 933 3580">
     <span class='ocr_line' id='line_1_35' title="bbox 62 3499 933 3580; baseline -0.006 -14"><span class='ocrx_word' id='word_1_220' title='bbox 62 3516 101 3566; x_wconf 79' lang='lat'><strong>25</strong></span> <span class='ocrx_word' id='word_1_221' title='bbox 119 3502 200 3564; x_wconf 79' lang='lat' dir='ltr'><strong>Adde</strong></span> <span class='ocrx_word' id='word_1_222' title='bbox 224 3503 282 3564; x_wconf 90' lang='lat' dir='ltr'><strong>loci</strong></span> <span class='ocrx_word' id='word_1_223' title='bbox 305 3505 409 3563; x_wconf 82' lang='lat' dir='ltr'><strong>faciem</strong></span> <span class='ocrx_word' id='word_1_224' title='bbox 433 3520 489 3562; x_wconf 90' lang='lat' dir='ltr'><strong>nec</strong></span> <span class='ocrx_word' id='word_1_225' title='bbox 512 3501 616 3561; x_wconf 90' lang='lat' dir='ltr'><strong>ironde</strong></span> <span class='ocrx_word' id='word_1_226' title='bbox 640 3519 695 3562; x_wconf 90' lang='lat' dir='ltr'><strong>nec</strong></span> <span class='ocrx_word' id='word_1_227' title='bbox 718 3499 824 3562; x_wconf 85' lang='lat' dir='ltr'><strong>arbore</strong></span> <span class='ocrx_word' id='word_1_228' title='bbox 847 3500 933 3580; x_wconf 89' lang='lat' dir='ltr'><strong>laeti,</strong></span> 
     </span>
    </p>
   </div>
   <div class='ocr_carea' id='block_1_6' title="bbox 0 0 1198 3892">
    <p class='ocr_par' dir='ltr' id='par_1_8' title="bbox 0 0 1198 3892">
     <span class='ocr_line' id='line_1_36' title="bbox 0 0 1198 3892; baseline 0 0"><span class='ocrx_word' id='word_1_229' title='bbox 0 0 1198 3892; x_wconf 95' lang='lat' dir='ltr'><strong> </strong></span> 
     </span>
    </p>
   </div>
  </div>
 </body>
</html>
