2386 3892
91 173 154 237 112
539 175 647 225 muns

177 338 236 400 Aut
258 347 292 399 ut
314 337 486 415 Atarnites,
509 338 627 397 insutus
649 335 726 415 pelle
750 338 868 398 iuvenci

111 439 163 490 320
222 425 362 505 Turpiter
385 425 420 485 ad
445 424 597 485 dominum
620 425 728 503 praeda
751 424 847 485 serare
871 433 974 488 tuum.

177 513 269 594 Inque
294 522 345 574 tuo
368 512 495 573 thalamo
518 515 579 573 ritu
602 512 736 591 iugulere
759 512 903 594 Pheraei,

222 602 280 673 Qui
303 602 388 662 datus
412 609 457 661 est
480 601 537 661 leto
562 602 697 678 coniugis
723 617 793 661 ense
817 618 906 663 suae.

178 690 318 768 Quosque
341 697 428 768 putas
451 688 548 768 lidos,
572 698 606 749 ut
628 687 784 749 Larisaeus
807 688 915 751 Aleuas

111 791 163 841 ³24
220 776 349 838 Vulnere
372 795 432 837 non
455 777 529 836 fidos
553 778 706 855 experiare
731 784 803 837 tuo.

66 910 68 913 -
111 900 152 909 —
176 866 273 945 thue
291 865 382 946 Milo,
406 864 461 926 snb
481 883 539 942 quo
564 867 694 925 cruciata
717 871 764 925 est
782 863 851 925 Pisa
874 873 1017 947 tyranno,

220 953 309 1014 Vivus
332 955 364 1014 in
387 951 517 1013 occultas
541 954 746 1031 praecipiteris
770 970 879 1031 aquas.

177 1041 317 1120 Quaeque
340 1043 371 1101 in
394 1039 592 1119 Aphidantum
615 1040 769 1119 Phylaceia
791 1059 883 1120 regna
906 1050 1055 1104 tenentem

220 1132 244 1189 A
267 1128 334 1189 Iove
358 1136 503 1189 venerunt
516 1175 525 1208 ,
549 1136 577 1189 te
602 1147 720 1208 quoque
744 1128 800 1189 tela
823 1136 944 1209 petant.

109 1251 153 1262 —
176 1218 235 1280 Aut
257 1226 291 1278 ut
314 1218 503 1277 Amastriacis
527 1217 674 1295 quondam
697 1216 831 1298 Lenaeus
855 1216 891 1278 ab
915 1220 995 1297 oris,

110 1319 162 1369 330
220 1305 324 1367 Nudus
347 1304 476 1365 Achillea
500 1305 671 1365 destituaris
695 1304 803 1365 humo.

175 1393 274 1473 thue
296 1392 342 1454 vel
360 1392 541 1472 Eurydamas
565 1400 611 1452 ter
635 1395 748 1453 circum
771 1391 858 1454 busta
876 1392 1022 1473 Thrasylli
1050 1406 1067 1458 (ι

220 1481 274 1542 Est
296 1481 442 1542 Larisaeis
466 1488 569 1559 raptus
592 1479 628 1540 ab
652 1479 736 1540 hoste
760 1482 853 1561 rotis,

176 1569 228 1630 Vel
251 1572 302 1648 qui
315 1616 324 1649 ,
348 1586 423 1647 quae
446 1569 544 1629 fuerat
565 1575 680 1629 tutatus
703 1570 819 1629 moenia
843 1586 949 1652 saepe,

221 1656 351 1736 Corpore
374 1655 510 1716 lustravit
532 1675 592 1717 non
615 1657 755 1717 diuturna
777 1674 851 1736 suo,

110 1757 161 1807 335
177 1744 273 1823 thue
297 1762 406 1804 novum
429 1762 513 1823 pessa
537 1739 631 1823 genus
655 1744 886 1823 llippomcneide
910 1763 1021 1824 poenae
1053 1749 1054 1752 ’

219 1831 345 1893 Tractus
368 1834 399 1891 in
423 1832 530 1893 Actaea
552 1832 648 1893 fertur
671 1831 787 1894 adulter
809 1831 919 1914 humo,

177 1919 248 2000 Sic,
271 1919 323 1980 uhi
346 1921 403 1979 vita
427 1927 494 1980 tuos
517 1921 610 1980 invisa
633 1919 788 1998 reliquerit
811 1928 911 2000 artus,

220 2007 337 2068 Ultores
360 2009 476 2086 rapiant
497 2016 586 2087 turpe
609 2007 733 2068 cadaver
755 2009 841 2086 equi.

175 2095 295 2157 Viscera
318 2097 362 2156 sic
385 2095 490 2174 aliquis
515 2095 654 2174 scopulus
678 2103 728 2156 tua
752 2096 843 2176 ligat,
866 2103 901 2157 ut
923 2096 993 2157 olim

110 2196 161 2245 340
220 2183 290 2244 Fixa
314 2183 368 2244 sub
392 2182 523 2244 Euboico
548 2183 633 2243 Graia
657 2183 741 2244 luere
764 2185 850 2264 sinu3

175 2271 271 2351 thue
295 2273 377 2332 ferox
399 2273 490 2351 periit
513 2280 543 2332 et
565 2272 687 2333 fulmine
712 2281 743 2332 et
764 2289 893 2350 aequore
917 2281 1030 2352 raptor,

220 2359 270 2420 Sic
294 2368 322 2421 te
345 2377 495 2420 mersuras
519 2359 637 2421 adiuvet
660 2361 736 2438 ignis
759 2377 870 2438 aquas.

174 2448 257 2509 llens
281 2466 398 2528 quoque
422 2450 466 2508 sic
489 2448 574 2509 iuriis
597 2464 701 2508 vecors
725 2449 875 2530 agitetur,
899 2455 933 2509 ut
954 2449 1011 2527 illi,

219 2535 315 2597 Unum
340 2538 391 2615 qui
414 2543 476 2596 toto
499 2553 624 2614 corpore
647 2534 754 2596 vulnus
777 2533 883 2616 hahet;

109 2636 160 2685 345
174 2623 271 2703 thue
294 2624 488 2703 Dryantiadae
511 2623 682 2703 Rhodopeia
704 2640 796 2701 regna
819 2625 950 2705 tenenti,

218 2711 252 2772 lu
275 2714 392 2788 gemino
416 2712 516 2790 dispar
539 2713 589 2771 cni
610 2711 686 2790 pede
710 2710 808 2772 cultus
831 2719 913 2791 erat,

174 2796 213 2857 Ut
234 2799 291 2858 fuit
314 2797 422 2860 Oetaeo
447 2797 595 2878 quondam
618 2817 787 2878 generoque
810 2798 972 2861 draconum

218 2885 426 2964 Tisamenique
450 2889 527 2965 patri
550 2886 770 2965 Caffirhoisque
794 2889 874 2950 viro.

173 2972 235 3034 Nec
258 2971 314 3034 tihi
337 2976 487 3052 contingat
509 2982 641 3036 matrona
664 2975 801 3053 pudicior
824 2974 890 3057 illa,

108 3072 160 3124 350
179 3063 186 3076 ’
219 3060 282 3132 Qua
306 3063 403 3140 potuit
425 3060 542 3140 Tydeus
566 3063 721 3123 erubuisse
744 3080 842 3140 nurus

173 3149 313 3229 Quaeque
338 3151 386 3210 sui
407 3148 552 3211 Venerem
574 3152 671 3211 iunxit
693 3168 762 3211 cnm
784 3151 877 3211 fratre
900 3150 1010 3226 mariti,

218 3238 321 3299 Locris
344 3239 376 3298 in
399 3236 520 3298 ancillae
544 3237 727 3299 dissimulata
750 3256 840 3299 nece.

174 3325 246 3387 Tam
270 3344 388 3405 quoque
401 3372 411 3407 ,
435 3326 465 3386 di
488 3326 617 3406 saciant,
640 3327 736 3405 possis
759 3325 889 3405 gaudere
912 3324 987 3387 fideli
1038 3322 1069 3376 nn

218 3412 372 3494 Coniuge,
396 3431 483 3493 quam
508 3412 588 3475 Talai
611 3413 817 3494 Tyndareique
840 3431 949 3493 gener:
1013 3477 1035 3487 ,,

107 3510 158 3560 355
175 3499 313 3580 Quaeque
337 3519 442 3580 parare
465 3503 528 3563 suis
551 3501 642 3563 letum
664 3501 850 3582 patruelibus
874 3519 960 3564 ausae
