<?xml version="1.0" encoding="UTF-8"?>
<!DOCTYPE html PUBLIC "-//W3C//DTD XHTML 1.0 Transitional//EN"
    "http://www.w3.org/TR/xhtml1/DTD/xhtml1-transitional.dtd">
<html xmlns="http://www.w3.org/1999/xhtml" xml:lang="en" lang="en">
 <head>
  <title>
</title>
<meta http-equiv="Content-Type" content="text/html;charset=utf-8" />
  <meta name='ocr-system' content='tesseract 3.04.00' />
  <meta name='ocr-capabilities' content='ocr_page ocr_carea ocr_par ocr_line ocrx_word'/>
</head>
<body>
  <div class='ocr_page' id='page_1' title='image "./ovidiusexiterat00ovidgoog_0078.png"; bbox 0 0 2386 3892; ppageno 0'>
   <div class='ocr_carea' id='block_1_1' title="bbox 417 201 1022 267">
    <p class='ocr_par' dir='ltr' id='par_1_1' title="bbox 417 201 1022 267">
     <span class='ocr_line' id='line_1_1' title="bbox 417 201 1022 267; baseline -0.002 -11"><span class='ocrx_word' id='word_1_1' title='bbox 417 206 452 258; x_wconf 93' lang='lat'><strong>11.</strong></span> <span class='ocrx_word' id='word_1_2' title='bbox 473 208 621 258; x_wconf 68' lang='lat'><strong>188-209.</strong></span> <span class='ocrx_word' id='word_1_3' title='bbox 980 201 1022 267; x_wconf 77' lang='grc'><strong>27</strong></span> 
     </span>
    </p>
   </div>
   <div class='ocr_carea' id='block_1_2' title="bbox 60 365 1024 2285">
    <p class='ocr_par' dir='ltr' id='par_1_2' title="bbox 60 365 1024 2285">
     <span class='ocr_line' id='line_1_2' title="bbox 107 365 1002 448; baseline 0 -20"><span class='ocrx_word' id='word_1_4' title='bbox 107 367 162 428; x_wconf 87' lang='lat' dir='ltr'><strong>Per</strong></span> <span class='ocrx_word' id='word_1_5' title='bbox 184 385 273 446; x_wconf 91' lang='lat' dir='ltr'><strong>quem</strong></span> <span class='ocrx_word' id='word_1_6' title='bbox 296 365 372 427; x_wconf 88' lang='lat' dir='ltr'><strong>bella</strong></span> <span class='ocrx_word' id='word_1_7' title='bbox 394 370 495 448; x_wconf 85' lang='lat' dir='ltr'><strong>geris,</strong></span> <span class='ocrx_word' id='word_1_8' title='bbox 514 369 600 428; x_wconf 85' lang='lat' dir='ltr'><strong>cuius</strong></span> <span class='ocrx_word' id='word_1_9' title='bbox 623 384 703 427; x_wconf 91' lang='lat' dir='ltr'><strong>nunc</strong></span> <span class='ocrx_word' id='word_1_10' title='bbox 726 383 851 446; x_wconf 89' lang='lat' dir='ltr'><strong>corpore</strong></span> <span class='ocrx_word' id='word_1_11' title='bbox 874 383 1002 447; x_wconf 81' lang='lat' dir='ltr'><strong>pugnas,</strong></span> 
     </span>
     <span class='ocr_line' id='line_1_3' title="bbox 108 454 820 535; baseline -0.001 -19"><span class='ocrx_word' id='word_1_12' title='bbox 108 456 279 534; x_wconf 72' lang='lat' dir='ltr'><strong>Auspicium</strong></span> <span class='ocrx_word' id='word_1_13' title='bbox 301 457 351 516; x_wconf 90' lang='lat' dir='ltr'><strong>cui</strong></span> <span class='ocrx_word' id='word_1_14' title='bbox 373 456 424 516; x_wconf 90' lang='lat' dir='ltr'><strong>das</strong></span> <span class='ocrx_word' id='word_1_15' title='bbox 447 454 558 533; x_wconf 80' lang='lat' dir='ltr'><strong>grande</strong></span> <span class='ocrx_word' id='word_1_16' title='bbox 581 455 712 533; x_wconf 89' lang='lat' dir='ltr'><strong>deosque</strong></span> <span class='ocrx_word' id='word_1_17' title='bbox 735 463 820 535; x_wconf 89' lang='lat' dir='ltr'><strong>tuos,</strong></span> 
     </span>
     <span class='ocr_line' id='line_1_4' title="bbox 60 541 881 625; baseline 0.001 -23"><span class='ocrx_word' id='word_1_18' title='bbox 60 554 94 604; x_wconf 75' lang='lat' dir='ltr'><strong>us</strong></span> <span class='ocrx_word' id='word_1_19' title='bbox 108 543 305 621; x_wconf 86' lang='lat' dir='ltr'><strong>[Dimidioque</strong></span> <span class='ocrx_word' id='word_1_20' title='bbox 329 545 373 603; x_wconf 90' lang='lat' dir='ltr'><strong>tui</strong></span> <span class='ocrx_word' id='word_1_21' title='bbox 395 560 537 623; x_wconf 90' lang='lat' dir='ltr'><strong>praesens</strong></span> <span class='ocrx_word' id='word_1_22' title='bbox 560 550 590 603; x_wconf 86' lang='lat' dir='ltr'><strong>et</strong></span> <span class='ocrx_word' id='word_1_23' title='bbox 612 544 735 621; x_wconf 80' lang='lat' dir='ltr'><strong>respicis</strong></span> <span class='ocrx_word' id='word_1_24' title='bbox 758 541 881 625; x_wconf 91' lang='lat' dir='ltr'><strong>urbem,</strong></span> 
     </span>
     <span class='ocr_line' id='line_1_5' title="bbox 106 629 810 709; baseline 0 -19"><span class='ocrx_word' id='word_1_25' title='bbox 106 630 230 691; x_wconf 87' lang='lat' dir='ltr'><strong>Dimidio</strong></span> <span class='ocrx_word' id='word_1_26' title='bbox 253 631 358 709; x_wconf 92' lang='lat' dir='ltr'><strong>procul</strong></span> <span class='ocrx_word' id='word_1_27' title='bbox 380 648 412 691; x_wconf 92' lang='lat' dir='ltr'><strong>es</strong></span> <span class='ocrx_word' id='word_1_28' title='bbox 436 647 580 707; x_wconf 88' lang='lat' dir='ltr'><strong>saevaque</strong></span> <span class='ocrx_word' id='word_1_29' title='bbox 603 629 679 689; x_wconf 89' lang='lat' dir='ltr'><strong>bella</strong></span> <span class='ocrx_word' id='word_1_30' title='bbox 701 629 810 709; x_wconf 66' lang='lat' dir='ltr'><strong>gerim]</strong></span> 
     </span>
     <span class='ocr_line' id='line_1_6' title="bbox 107 716 894 797; baseline 0.001 -19"><span class='ocrx_word' id='word_1_31' title='bbox 107 719 160 779; x_wconf 91' lang='lat' dir='ltr'><strong>Hic</strong></span> <span class='ocrx_word' id='word_1_32' title='bbox 184 717 238 778; x_wconf 90' lang='lat' dir='ltr'><strong>tihi</strong></span> <span class='ocrx_word' id='word_1_33' title='bbox 261 720 304 778; x_wconf 92' lang='lat' dir='ltr'><strong>sic</strong></span> <span class='ocrx_word' id='word_1_34' title='bbox 328 717 429 778; x_wconf 88' lang='lat' dir='ltr'><strong>redeat</strong></span> <span class='ocrx_word' id='word_1_35' title='bbox 452 726 591 796; x_wconf 89' lang='lat' dir='ltr'><strong>superato</strong></span> <span class='ocrx_word' id='word_1_36' title='bbox 614 719 708 777; x_wconf 89' lang='lat' dir='ltr'><strong>victor</strong></span> <span class='ocrx_word' id='word_1_37' title='bbox 731 716 767 777; x_wconf 91' lang='lat' dir='ltr'><strong>ab</strong></span> <span class='ocrx_word' id='word_1_38' title='bbox 791 717 894 797; x_wconf 86' lang='lat' dir='ltr'><strong>hoste,</strong></span> 
     </span>
     <span class='ocr_line' id='line_1_7' title="bbox 108 803 797 885; baseline -0.003 -19"><span class='ocrx_word' id='word_1_39' title='bbox 108 807 200 885; x_wconf 82' lang='lat' dir='ltr'>Inque</span> <span class='ocrx_word' id='word_1_40' title='bbox 225 809 373 866; x_wconf 90' lang='lat' dir='ltr'><strong>coronatis</strong></span> <span class='ocrx_word' id='word_1_41' title='bbox 397 805 507 883; x_wconf 77' lang='lat' dir='ltr'><strong>fulgeat</strong></span> <span class='ocrx_word' id='word_1_42' title='bbox 529 804 606 866; x_wconf 86' lang='lat' dir='ltr'><strong>altus</strong></span> <span class='ocrx_word' id='word_1_43' title='bbox 629 803 735 882; x_wconf 87' lang='lat' dir='ltr'><strong>equis!</strong></span> <span class='ocrx_word' id='word_1_44' title='bbox 755 836 797 848; x_wconf 93' lang='lat'><em>-</em></span> 
     </span>
     <span class='ocr_line' id='line_1_8' title="bbox 108 891 1024 973; baseline -0.001 -20"><span class='ocrx_word' id='word_1_45' title='bbox 108 892 217 973; x_wconf 87' lang='lat' dir='ltr'><strong>Parce,</strong></span> <span class='ocrx_word' id='word_1_46' title='bbox 239 911 364 972; x_wconf 85' lang='lat' dir='ltr'><strong>precor,</strong></span> <span class='ocrx_word' id='word_1_47' title='bbox 383 892 553 971; x_wconf 76' lang='lat' dir='ltr'><strong>fulmenque</strong></span> <span class='ocrx_word' id='word_1_48' title='bbox 572 902 675 971; x_wconf 88' lang='lat' dir='ltr'><strong>tunm,</strong></span> <span class='ocrx_word' id='word_1_49' title='bbox 699 893 761 951; x_wconf 86' lang='lat' dir='ltr'><strong>lere</strong></span> <span class='ocrx_word' id='word_1_50' title='bbox 780 891 853 966; x_wconf 89' lang='lat' dir='ltr'><strong>tela,</strong></span> <span class='ocrx_word' id='word_1_51' title='bbox 879 891 1024 973; x_wconf 83' lang='lat' dir='ltr'><strong>reconde,</strong></span> 
     </span>
     <span class='ocr_line' id='line_1_9' title="bbox 60 979 784 1058; baseline 0 -19"><span class='ocrx_word' id='word_1_52' title='bbox 60 992 94 1042; x_wconf 79' lang='grc'><strong>,80</strong></span> <span class='ocrx_word' id='word_1_53' title='bbox 107 982 171 1042; x_wconf 93' lang='lat' dir='ltr'><strong>Heu</strong></span> <span class='ocrx_word' id='word_1_54' title='bbox 194 983 319 1040; x_wconf 87' lang='lat' dir='ltr'><strong>nimium</strong></span> <span class='ocrx_word' id='word_1_55' title='bbox 342 983 451 1040; x_wconf 89' lang='lat' dir='ltr'><strong>misero</strong></span> <span class='ocrx_word' id='word_1_56' title='bbox 475 981 591 1058; x_wconf 88' lang='lat' dir='ltr'><strong>cognita</strong></span> <span class='ocrx_word' id='word_1_57' title='bbox 615 980 672 1040; x_wconf 89' lang='lat' dir='ltr'><strong>tela</strong></span> <span class='ocrx_word' id='word_1_58' title='bbox 695 979 784 1039; x_wconf 91' lang='lat' dir='ltr'><strong>mihil</strong></span> 
     </span>
     <span class='ocr_line' id='line_1_10' title="bbox 106 1067 992 1149; baseline -0.001 -20"><span class='ocrx_word' id='word_1_59' title='bbox 106 1070 220 1149; x_wconf 87' lang='lat' dir='ltr'><strong>Parce,</strong></span> <span class='ocrx_word' id='word_1_60' title='bbox 243 1077 328 1147; x_wconf 90' lang='lat' dir='ltr'><strong>pater</strong></span> <span class='ocrx_word' id='word_1_61' title='bbox 350 1070 484 1147; x_wconf 85' lang='lat' dir='ltr'><strong>patriae,</strong></span> <span class='ocrx_word' id='word_1_62' title='bbox 507 1085 563 1127; x_wconf 90' lang='lat' dir='ltr'><strong>nec</strong></span> <span class='ocrx_word' id='word_1_63' title='bbox 585 1068 713 1127; x_wconf 91' lang='lat' dir='ltr'><strong>nominis</strong></span> <span class='ocrx_word' id='word_1_64' title='bbox 735 1070 881 1129; x_wconf 83' lang='lat' dir='ltr'><strong>inmemor</strong></span> <span class='ocrx_word' id='word_1_65' title='bbox 903 1067 992 1130; x_wconf 87' lang='lat' dir='ltr'><strong>huius</strong></span> 
     </span>
     <span class='ocr_line' id='line_1_11' title="bbox 108 1153 718 1234; baseline -0.002 -18"><span class='ocrx_word' id='word_1_66' title='bbox 108 1155 183 1216; x_wconf 88' lang='lat' dir='ltr'><strong>Olim</strong></span> <span class='ocrx_word' id='word_1_67' title='bbox 206 1155 340 1234; x_wconf 90' lang='lat' dir='ltr'><strong>placandi</strong></span> <span class='ocrx_word' id='word_1_68' title='bbox 364 1173 447 1234; x_wconf 94' lang='lat' dir='ltr'><strong>spem</strong></span> <span class='ocrx_word' id='word_1_69' title='bbox 470 1154 542 1215; x_wconf 92' lang='lat' dir='ltr'><strong>mihi</strong></span> <span class='ocrx_word' id='word_1_70' title='bbox 566 1154 634 1215; x_wconf 86' lang='lat' dir='ltr'><strong>tolle</strong></span> <span class='ocrx_word' id='word_1_71' title='bbox 658 1153 718 1215; x_wconf 90' lang='lat' dir='ltr'><strong>tuil</strong></span> 
     </span>
     <span class='ocr_line' id='line_1_12' title="bbox 106 1242 958 1322; baseline 0.002 -20"><span class='ocrx_word' id='word_1_72' title='bbox 106 1244 170 1304; x_wconf 91' lang='lat' dir='ltr'><strong>Non</strong></span> <span class='ocrx_word' id='word_1_73' title='bbox 194 1261 324 1322; x_wconf 91' lang='lat' dir='ltr'><strong>precor,</strong></span> <span class='ocrx_word' id='word_1_74' title='bbox 346 1252 380 1303; x_wconf 90' lang='lat' dir='ltr'><strong>ut</strong></span> <span class='ocrx_word' id='word_1_75' title='bbox 403 1242 544 1320; x_wconf 80' lang='lat' dir='ltr'><strong>redeam,</strong></span> <span class='ocrx_word' id='word_1_76' title='bbox 569 1244 701 1321; x_wconf 83' lang='lat' dir='ltr'><strong>quamvis</strong></span> <span class='ocrx_word' id='word_1_77' title='bbox 724 1243 834 1303; x_wconf 90' lang='lat' dir='ltr'><strong>maiora</strong></span> <span class='ocrx_word' id='word_1_78' title='bbox 857 1243 958 1321; x_wconf 86' lang='lat' dir='ltr'><strong>petitis</strong></span> 
     </span>
     <span class='ocr_line' id='line_1_13' title="bbox 108 1327 832 1408; baseline 0 -18"><span class='ocrx_word' id='word_1_79' title='bbox 108 1330 254 1391; x_wconf 83' lang='lat' dir='ltr'><strong>Credibile</strong></span> <span class='ocrx_word' id='word_1_80' title='bbox 278 1339 324 1390; x_wconf 87' lang='lat' dir='ltr'><strong>est</strong></span> <span class='ocrx_word' id='word_1_81' title='bbox 346 1348 466 1408; x_wconf 90' lang='lat' dir='ltr'><strong>magnos</strong></span> <span class='ocrx_word' id='word_1_82' title='bbox 490 1347 578 1407; x_wconf 82' lang='lat' dir='ltr'><strong>saepe</strong></span> <span class='ocrx_word' id='word_1_83' title='bbox 601 1327 717 1388; x_wconf 88' lang='lat' dir='ltr'><strong>dedisse</strong></span> <span class='ocrx_word' id='word_1_84' title='bbox 742 1329 832 1390; x_wconf 91' lang='lat' dir='ltr'><strong>deos:</strong></span> 
     </span>
     <span class='ocr_line' id='line_1_14' title="bbox 63 1417 834 1496; baseline -0.005 -18"><span class='ocrx_word' id='word_1_85' title='bbox 63 1429 93 1478; x_wconf 78' lang='lat'><strong>85</strong></span> <span class='ocrx_word' id='word_1_86' title='bbox 107 1418 207 1479; x_wconf 87' lang='lat' dir='ltr'><strong>Mitius</strong></span> <span class='ocrx_word' id='word_1_87' title='bbox 231 1418 349 1477; x_wconf 85' lang='lat' dir='ltr'><strong>exihum</strong></span> <span class='ocrx_word' id='word_1_88' title='bbox 373 1421 398 1477; x_wconf 90' lang='lat' dir='ltr'><strong>si</strong></span> <span class='ocrx_word' id='word_1_89' title='bbox 422 1417 473 1477; x_wconf 88' lang='lat' dir='ltr'><strong>das</strong></span> <span class='ocrx_word' id='word_1_90' title='bbox 496 1419 678 1496; x_wconf 86' lang='lat' dir='ltr'><strong>propiusque</strong></span> <span class='ocrx_word' id='word_1_91' title='bbox 701 1417 834 1496; x_wconf 89' lang='lat' dir='ltr'><strong>roganti,</strong></span> 
     </span>
     <span class='ocr_line' id='line_1_15' title="bbox 107 1503 779 1584; baseline -0.004 -19"><span class='ocrx_word' id='word_1_92' title='bbox 107 1506 177 1576; x_wconf 83' lang='lat' dir='ltr'><strong>Pars</strong></span> <span class='ocrx_word' id='word_1_93' title='bbox 201 1507 259 1565; x_wconf 88' lang='lat' dir='ltr'><strong>erit</strong></span> <span class='ocrx_word' id='word_1_94' title='bbox 282 1523 317 1564; x_wconf 84' lang='lat' dir='ltr'><strong>ex</strong></span> <span class='ocrx_word' id='word_1_95' title='bbox 339 1522 434 1584; x_wconf 88' lang='lat' dir='ltr'><strong>poena</strong></span> <span class='ocrx_word' id='word_1_96' title='bbox 456 1521 560 1582; x_wconf 87' lang='lat' dir='ltr'><strong>magna</strong></span> <span class='ocrx_word' id='word_1_97' title='bbox 583 1503 676 1563; x_wconf 89' lang='lat' dir='ltr'><strong>levata</strong></span> <span class='ocrx_word' id='word_1_98' title='bbox 699 1519 779 1562; x_wconf 89' lang='lat' dir='ltr'><strong>mea.</strong></span> 
     </span>
     <span class='ocr_line' id='line_1_16' title="bbox 107 1590 854 1672; baseline -0.005 -18"><span class='ocrx_word' id='word_1_99' title='bbox 107 1593 213 1654; x_wconf 89' lang='lat' dir='ltr'><strong>Ultima</strong></span> <span class='ocrx_word' id='word_1_100' title='bbox 236 1595 387 1672; x_wconf 87' lang='lat' dir='ltr'><strong>perpetior</strong></span> <span class='ocrx_word' id='word_1_101' title='bbox 411 1591 523 1651; x_wconf 90' lang='lat' dir='ltr'><strong>medios</strong></span> <span class='ocrx_word' id='word_1_102' title='bbox 546 1593 659 1651; x_wconf 90' lang='lat' dir='ltr'><strong>eiectus</strong></span> <span class='ocrx_word' id='word_1_103' title='bbox 681 1592 712 1650; x_wconf 94' lang='lat' dir='ltr'><strong>in</strong></span> <span class='ocrx_word' id='word_1_104' title='bbox 735 1590 854 1670; x_wconf 88' lang='lat' dir='ltr'><strong>hostes,</strong></span> 
     </span>
     <span class='ocr_line' id='line_1_17' title="bbox 107 1677 819 1758; baseline -0.004 -17"><span class='ocrx_word' id='word_1_105' title='bbox 107 1680 168 1741; x_wconf 91' lang='lat' dir='ltr'><strong>Nec</strong></span> <span class='ocrx_word' id='word_1_106' title='bbox 192 1683 349 1758; x_wconf 89' lang='lat' dir='ltr'><strong>quisquam</strong></span> <span class='ocrx_word' id='word_1_107' title='bbox 371 1682 467 1757; x_wconf 88' lang='lat' dir='ltr'><strong>patria</strong></span> <span class='ocrx_word' id='word_1_108' title='bbox 489 1678 605 1756; x_wconf 90' lang='lat' dir='ltr'><strong>longius</strong></span> <span class='ocrx_word' id='word_1_109' title='bbox 629 1677 696 1738; x_wconf 85' lang='lat' dir='ltr'><strong>exul</strong></span> <span class='ocrx_word' id='word_1_110' title='bbox 719 1677 819 1739; x_wconf 88' lang='lat' dir='ltr'><strong>abest.</strong></span> 
     </span>
     <span class='ocr_line' id='line_1_18' title="bbox 110 1765 890 1845; baseline -0.001 -17"><span class='ocrx_word' id='word_1_111' title='bbox 110 1768 196 1828; x_wconf 90' lang='lat' dir='ltr'><strong>Solus</strong></span> <span class='ocrx_word' id='word_1_112' title='bbox 220 1767 255 1827; x_wconf 89' lang='lat' dir='ltr'><strong>ad</strong></span> <span class='ocrx_word' id='word_1_113' title='bbox 281 1785 418 1845; x_wconf 92' lang='lat' dir='ltr'><strong>egressus</strong></span> <span class='ocrx_word' id='word_1_114' title='bbox 441 1769 550 1827; x_wconf 87' lang='lat' dir='ltr'><strong>missus</strong></span> <span class='ocrx_word' id='word_1_115' title='bbox 573 1765 773 1844; x_wconf 88' lang='lat' dir='ltr'><strong>septemplicis</strong></span> <span class='ocrx_word' id='word_1_116' title='bbox 796 1766 890 1827; x_wconf 77' lang='lat' dir='ltr'><strong>Histri</strong></span> 
     </span>
     <span class='ocr_line' id='line_1_19' title="bbox 62 1854 779 1933; baseline -0.004 -17"><span class='ocrx_word' id='word_1_117' title='bbox 62 1868 94 1916; x_wconf 82' lang='lat' dir='ltr'><strong>eo</strong></span> <span class='ocrx_word' id='word_1_118' title='bbox 107 1856 280 1916; x_wconf 80' lang='lat' dir='ltr'><strong>Parrhasiae</strong></span> <span class='ocrx_word' id='word_1_119' title='bbox 303 1854 399 1933; x_wconf 90' lang='lat' dir='ltr'><strong>gelido</strong></span> <span class='ocrx_word' id='word_1_120' title='bbox 422 1856 543 1931; x_wconf 85' lang='lat' dir='ltr'><strong>virginis</strong></span> <span class='ocrx_word' id='word_1_121' title='bbox 566 1872 619 1913; x_wconf 87' lang='lat' dir='ltr'><strong>ane</strong></span> <span class='ocrx_word' id='word_1_122' title='bbox 642 1871 779 1933; x_wconf 80' lang='lat' dir='ltr'><strong>premor3</strong></span> 
     </span>
     <span class='ocr_line' id='line_1_20' title="bbox 110 1938 909 2026; baseline -0.003 -23"><span class='ocrx_word' id='word_1_123' title='bbox 110 1938 237 2026; x_wconf 81' lang='lat' dir='ltr'><strong>[lazyges</strong></span> <span class='ocrx_word' id='word_1_124' title='bbox 261 1951 291 2003; x_wconf 94' lang='lat' dir='ltr'><strong>et</strong></span> <span class='ocrx_word' id='word_1_125' title='bbox 314 1941 415 2002; x_wconf 86' lang='lat' dir='ltr'><strong>Colchi</strong></span> <span class='ocrx_word' id='word_1_126' title='bbox 438 1941 626 2020; x_wconf 87' lang='lat' dir='ltr'><strong>Metereaque</strong></span> <span class='ocrx_word' id='word_1_127' title='bbox 649 1941 736 2001; x_wconf 89' lang='lat' dir='ltr'><strong>turba</strong></span> <span class='ocrx_word' id='word_1_128' title='bbox 759 1940 909 2021; x_wconf 78' lang='lat' dir='ltr'><strong>Getaeque</strong></span> 
     </span>
     <span class='ocr_line' id='line_1_21' title="bbox 108 2027 786 2107; baseline -0.003 -17"><span class='ocrx_word' id='word_1_129' title='bbox 108 2031 231 2091; x_wconf 86' lang='lat' dir='ltr'><strong>Danuvii</strong></span> <span class='ocrx_word' id='word_1_130' title='bbox 254 2030 358 2090; x_wconf 88' lang='lat' dir='ltr'><strong>mediis</strong></span> <span class='ocrx_word' id='word_1_131' title='bbox 382 2032 428 2089; x_wconf 83' lang='lat' dir='ltr'><strong>vix</strong></span> <span class='ocrx_word' id='word_1_132' title='bbox 452 2028 648 2107; x_wconf 88' lang='lat' dir='ltr'><strong>prohibentur</strong></span> <span class='ocrx_word' id='word_1_133' title='bbox 671 2030 754 2107; x_wconf 90' lang='lat' dir='ltr'><strong>aquis</strong></span> <span class='ocrx_word' id='word_1_134' title='bbox 765 2027 786 2105; x_wconf 92' lang='lat'><strong>.]</strong></span> 
     </span>
     <span class='ocr_line' id='line_1_22' title="bbox 87 2115 872 2198; baseline -0.006 -18"><span class='ocrx_word' id='word_1_135' title='bbox 87 2119 241 2198; x_wconf 28' lang='lat' dir='ltr'><strong>,Cumque</strong></span> <span class='ocrx_word' id='word_1_136' title='bbox 265 2117 313 2178; x_wconf 90' lang='lat' dir='ltr'><strong>alii</strong></span> <span class='ocrx_word' id='word_1_137' title='bbox 336 2135 423 2178; x_wconf 88' lang='lat' dir='ltr'><strong>causa</strong></span> <span class='ocrx_word' id='word_1_138' title='bbox 446 2116 501 2177; x_wconf 91' lang='lat' dir='ltr'><strong>tibi</strong></span> <span class='ocrx_word' id='word_1_139' title='bbox 523 2120 583 2178; x_wconf 90' lang='lat' dir='ltr'><strong>sint</strong></span> <span class='ocrx_word' id='word_1_140' title='bbox 605 2119 739 2195; x_wconf 88' lang='lat' dir='ltr'><strong>graviore</strong></span> <span class='ocrx_word' id='word_1_141' title='bbox 763 2115 872 2195; x_wconf 85' lang='lat' dir='ltr'><strong>fugati,</strong></span> 
     </span>
     <span class='ocr_line' id='line_1_23' title="bbox 107 2202 858 2285; baseline -0.005 -18"><span class='ocrx_word' id='word_1_142' title='bbox 107 2206 235 2268; x_wconf 77' lang='lat' dir='ltr'><strong>Ulterior</strong></span> <span class='ocrx_word' id='word_1_143' title='bbox 259 2204 353 2285; x_wconf 89' lang='lat' dir='ltr'><strong>nulli,</strong></span> <span class='ocrx_word' id='word_1_144' title='bbox 377 2222 464 2284; x_wconf 85' lang='lat' dir='ltr'><strong>quam</strong></span> <span class='ocrx_word' id='word_1_145' title='bbox 487 2204 581 2285; x_wconf 89' lang='lat' dir='ltr'><strong>mihi,</strong></span> <span class='ocrx_word' id='word_1_146' title='bbox 604 2214 684 2265; x_wconf 89' lang='lat' dir='ltr'><strong>terra</strong></span> <span class='ocrx_word' id='word_1_147' title='bbox 707 2202 773 2264; x_wconf 88' lang='lat' dir='ltr'><strong>data</strong></span> <span class='ocrx_word' id='word_1_148' title='bbox 796 2212 858 2263; x_wconf 89' lang='lat' dir='ltr'><strong>est.</strong></span> 
     </span>
    </p>
   </div>
   <div class='ocr_carea' id='block_1_3' title="bbox 60 2289 1023 2629">
    <p class='ocr_par' dir='ltr' id='par_1_3' title="bbox 60 2289 1023 2629">
     <span class='ocr_line' id='line_1_24' title="bbox 60 2289 1023 2374; baseline -0.005 -21"><span class='ocrx_word' id='word_1_149' title='bbox 60 2306 94 2354; x_wconf 80' lang='lat' dir='ltr'><strong>‚ea</strong></span> <span class='ocrx_word' id='word_1_150' title='bbox 108 2294 238 2372; x_wconf 90' lang='lat' dir='ltr'><strong>Longius</strong></span> <span class='ocrx_word' id='word_1_151' title='bbox 262 2293 316 2353; x_wconf 91' lang='lat' dir='ltr'><strong>hac</strong></span> <span class='ocrx_word' id='word_1_152' title='bbox 336 2293 407 2353; x_wconf 90' lang='lat' dir='ltr'><strong>nihil</strong></span> <span class='ocrx_word' id='word_1_153' title='bbox 430 2303 497 2374; x_wconf 85' lang='lat' dir='ltr'><strong>est,</strong></span> <span class='ocrx_word' id='word_1_154' title='bbox 521 2294 578 2352; x_wconf 87' lang='lat' dir='ltr'><strong>nisi</strong></span> <span class='ocrx_word' id='word_1_155' title='bbox 600 2300 715 2352; x_wconf 86' lang='lat' dir='ltr'><strong>tantum</strong></span> <span class='ocrx_word' id='word_1_156' title='bbox 734 2293 828 2368; x_wconf 81' lang='lat' dir='ltr'><strong>frigus</strong></span> <span class='ocrx_word' id='word_1_157' title='bbox 852 2297 883 2350; x_wconf 87' lang='lat' dir='ltr'><strong>et</strong></span> <span class='ocrx_word' id='word_1_158' title='bbox 904 2289 1023 2369; x_wconf 87' lang='lat' dir='ltr'><strong>hostes,</strong></span> 
     </span>
     <span class='ocr_line' id='line_1_25' title="bbox 109 2377 816 2459; baseline -0.007 -18"><span class='ocrx_word' id='word_1_159' title='bbox 109 2382 146 2443; x_wconf 89' lang='lat' dir='ltr'><strong>Et</strong></span> <span class='ocrx_word' id='word_1_160' title='bbox 168 2384 259 2442; x_wconf 87' lang='lat' dir='ltr'><strong>maris</strong></span> <span class='ocrx_word' id='word_1_161' title='bbox 282 2381 426 2441; x_wconf 90' lang='lat' dir='ltr'><strong>adstricto</strong></span> <span class='ocrx_word' id='word_1_162' title='bbox 449 2397 524 2459; x_wconf 91' lang='lat' dir='ltr'><strong>quae</strong></span> <span class='ocrx_word' id='word_1_163' title='bbox 548 2380 608 2439; x_wconf 88' lang='lat' dir='ltr'><strong>coit</strong></span> <span class='ocrx_word' id='word_1_164' title='bbox 631 2378 708 2438; x_wconf 89' lang='lat' dir='ltr'><strong>unda</strong></span> <span class='ocrx_word' id='word_1_165' title='bbox 730 2377 816 2456; x_wconf 92' lang='lat' dir='ltr'><strong>gelu.</strong></span> 
     </span>
     <span class='ocr_line' id='line_1_26' title="bbox 108 2464 855 2547; baseline -0.009 -17"><span class='ocrx_word' id='word_1_166' title='bbox 108 2470 256 2530; x_wconf 88' lang='lat' dir='ltr'><strong>Hactenus</strong></span> <span class='ocrx_word' id='word_1_167' title='bbox 280 2468 388 2529; x_wconf 85' lang='lat' dir='ltr'><strong>Euxini</strong></span> <span class='ocrx_word' id='word_1_168' title='bbox 410 2487 478 2547; x_wconf 89' lang='lat' dir='ltr'><strong>pars</strong></span> <span class='ocrx_word' id='word_1_169' title='bbox 502 2475 549 2527; x_wconf 92' lang='lat' dir='ltr'><strong>est</strong></span> <span class='ocrx_word' id='word_1_170' title='bbox 570 2464 701 2525; x_wconf 84' lang='lat' dir='ltr'><strong>Romane</strong></span> <span class='ocrx_word' id='word_1_171' title='bbox 724 2465 855 2525; x_wconf 87' lang='lat' dir='ltr'><strong>sinistri:</strong></span> 
     </span>
     <span class='ocr_line' id='line_1_27' title="bbox 110 2555 846 2629; baseline -0.007 -13"><span class='ocrx_word' id='word_1_172' title='bbox 110 2557 245 2618; x_wconf 84' lang='lat' dir='ltr'><strong>Proxima</strong></span> <span class='ocrx_word' id='word_1_173' title='bbox 269 2556 428 2617; x_wconf 89' lang='lat' dir='ltr'><strong>Basternae</strong></span> <span class='ocrx_word' id='word_1_174' title='bbox 452 2555 701 2629; x_wconf 86' lang='lat' dir='ltr'><strong>Sauromataeque</strong></span> <span class='ocrx_word' id='word_1_175' title='bbox 724 2559 846 2611; x_wconf 85' lang='lat' dir='ltr'><strong>tenent.</strong></span> 
     </span>
    </p>
   </div>
   <div class='ocr_carea' id='block_1_4' title="bbox 60 2640 1024 3595">
    <p class='ocr_par' dir='ltr' id='par_1_4' title="bbox 109 2640 889 2718">
     <span class='ocr_line' id='line_1_28' title="bbox 109 2640 889 2718; baseline -0.006 -13"><span class='ocrx_word' id='word_1_176' title='bbox 109 2645 188 2705; x_wconf 89' lang='lat' dir='ltr'><strong>Haec</strong></span> <span class='ocrx_word' id='word_1_177' title='bbox 212 2653 258 2704; x_wconf 89' lang='lat' dir='ltr'><strong>est</strong></span> <span class='ocrx_word' id='word_1_178' title='bbox 280 2645 410 2704; x_wconf 74' lang='lat' dir='ltr'><strong>Ausonio</strong></span> <span class='ocrx_word' id='word_1_179' title='bbox 434 2642 490 2703; x_wconf 90' lang='lat' dir='ltr'><strong>suh</strong></span> <span class='ocrx_word' id='word_1_180' title='bbox 512 2645 578 2702; x_wconf 92' lang='lat' dir='ltr'><strong>iure</strong></span> <span class='ocrx_word' id='word_1_181' title='bbox 602 2640 760 2700; x_wconf 86' lang='lat' dir='ltr'><strong>norissima</strong></span> <span class='ocrx_word' id='word_1_182' title='bbox 783 2640 889 2718; x_wconf 84' lang='lat' dir='ltr'><strong>virque</strong></span> 
     </span>
    </p>

    <p class='ocr_par' dir='ltr' id='par_1_5' title="bbox 60 2728 1024 3160">
     <span class='ocr_line' id='line_1_29' title="bbox 60 2728 754 2810; baseline -0.004 -21"><span class='ocrx_word' id='word_1_183' title='bbox 60 2743 95 2791; x_wconf 82' lang='lat' dir='ltr'><strong>roo</strong></span> <span class='ocrx_word' id='word_1_184' title='bbox 110 2732 219 2793; x_wconf 86' lang='lat' dir='ltr'><strong>Haeret</strong></span> <span class='ocrx_word' id='word_1_185' title='bbox 240 2735 271 2791; x_wconf 94' lang='lat' dir='ltr'><strong>in</strong></span> <span class='ocrx_word' id='word_1_186' title='bbox 294 2733 412 2810; x_wconf 93' lang='lat' dir='ltr'><strong>imperii</strong></span> <span class='ocrx_word' id='word_1_187' title='bbox 435 2733 566 2808; x_wconf 82' lang='lat' dir='ltr'><strong>margine</strong></span> <span class='ocrx_word' id='word_1_188' title='bbox 589 2738 670 2789; x_wconf 88' lang='lat' dir='ltr'><strong>terra</strong></span> <span class='ocrx_word' id='word_1_189' title='bbox 693 2728 754 2788; x_wconf 88' lang='lat' dir='ltr'><strong>tui.</strong></span> 
     </span>
     <span class='ocr_line' id='line_1_30' title="bbox 108 2813 897 2899; baseline -0.004 -19"><span class='ocrx_word' id='word_1_190' title='bbox 108 2819 191 2880; x_wconf 91' lang='lat' dir='ltr'><strong>Unde</strong></span> <span class='ocrx_word' id='word_1_191' title='bbox 215 2837 322 2897; x_wconf 91' lang='lat' dir='ltr'><strong>precor</strong></span> <span class='ocrx_word' id='word_1_192' title='bbox 346 2818 469 2897; x_wconf 85' lang='lat' dir='ltr'><strong>supplex</strong></span> <span class='ocrx_word' id='word_1_193' title='bbox 491 2827 525 2878; x_wconf 89' lang='lat' dir='ltr'><strong>ut</strong></span> <span class='ocrx_word' id='word_1_194' title='bbox 547 2835 601 2877; x_wconf 89' lang='lat' dir='ltr'><strong>nos</strong></span> <span class='ocrx_word' id='word_1_195' title='bbox 624 2819 655 2877; x_wconf 92' lang='lat' dir='ltr'><strong>in</strong></span> <span class='ocrx_word' id='word_1_196' title='bbox 678 2823 741 2876; x_wconf 87' lang='lat' dir='ltr'><strong>tuta</strong></span> <span class='ocrx_word' id='word_1_197' title='bbox 764 2813 897 2899; x_wconf 80' lang='lat' dir='ltr'><strong>releges,</strong></span> 
     </span>
     <span class='ocr_line' id='line_1_31' title="bbox 108 2904 914 2984; baseline -0.005 -17"><span class='ocrx_word' id='word_1_198' title='bbox 108 2907 149 2967; x_wconf 90' lang='lat' dir='ltr'><strong>Ne</strong></span> <span class='ocrx_word' id='word_1_199' title='bbox 173 2910 213 2967; x_wconf 89' lang='lat' dir='ltr'><strong>sit</strong></span> <span class='ocrx_word' id='word_1_200' title='bbox 235 2925 303 2967; x_wconf 91' lang='lat' dir='ltr'><strong>cum</strong></span> <span class='ocrx_word' id='word_1_201' title='bbox 325 2907 419 2984; x_wconf 87' lang='lat' dir='ltr'><strong>patria</strong></span> <span class='ocrx_word' id='word_1_202' title='bbox 442 2923 496 2983; x_wconf 85' lang='lat' dir='ltr'><strong>pax</strong></span> <span class='ocrx_word' id='word_1_203' title='bbox 521 2922 639 2983; x_wconf 86' lang='lat' dir='ltr'><strong>quoque</strong></span> <span class='ocrx_word' id='word_1_204' title='bbox 667 2905 802 2983; x_wconf 90' lang='lat' dir='ltr'><strong>adempta</strong></span> <span class='ocrx_word' id='word_1_205' title='bbox 824 2904 914 2984; x_wconf 91' lang='lat' dir='ltr'><strong>mihi,</strong></span> 
     </span>
     <span class='ocr_line' id='line_1_32' title="bbox 109 2988 1024 3073; baseline -0.004 -19"><span class='ocrx_word' id='word_1_206' title='bbox 109 2995 149 3054; x_wconf 92' lang='lat' dir='ltr'><strong>Ne</strong></span> <span class='ocrx_word' id='word_1_207' title='bbox 174 2998 292 3054; x_wconf 89' lang='lat' dir='ltr'><strong>timeam</strong></span> <span class='ocrx_word' id='word_1_208' title='bbox 311 3001 436 3073; x_wconf 83' lang='lat' dir='ltr'><strong>gentes,</strong></span> <span class='ocrx_word' id='word_1_209' title='bbox 460 3009 533 3070; x_wconf 89' lang='lat' dir='ltr'><strong>quas</strong></span> <span class='ocrx_word' id='word_1_210' title='bbox 551 3010 610 3052; x_wconf 94' lang='lat' dir='ltr'><strong>non</strong></span> <span class='ocrx_word' id='word_1_211' title='bbox 629 2992 705 3052; x_wconf 90' lang='lat' dir='ltr'><strong>bene</strong></span> <span class='ocrx_word' id='word_1_212' title='bbox 724 3000 889 3052; x_wconf 90' lang='lat' dir='ltr'><strong>summovet</strong></span> <span class='ocrx_word' id='word_1_213' title='bbox 907 2988 1024 3070; x_wconf 88' lang='lat' dir='ltr'><strong>Hister,</strong></span> 
     </span>
     <span class='ocr_line' id='line_1_33' title="bbox 109 3079 779 3160; baseline -0.004 -19"><span class='ocrx_word' id='word_1_214' title='bbox 109 3082 185 3142; x_wconf 86' lang='lat' dir='ltr'><strong>Neve</strong></span> <span class='ocrx_word' id='word_1_215' title='bbox 210 3091 279 3142; x_wconf 90' lang='lat' dir='ltr'><strong>tuus</strong></span> <span class='ocrx_word' id='word_1_216' title='bbox 302 3081 413 3160; x_wconf 89' lang='lat' dir='ltr'><strong>possim</strong></span> <span class='ocrx_word' id='word_1_217' title='bbox 436 3081 507 3140; x_wconf 88' lang='lat' dir='ltr'><strong>civis</strong></span> <span class='ocrx_word' id='word_1_218' title='bbox 530 3079 566 3139; x_wconf 90' lang='lat' dir='ltr'><strong>ah</strong></span> <span class='ocrx_word' id='word_1_219' title='bbox 589 3080 673 3140; x_wconf 87' lang='lat' dir='ltr'><strong>hoste</strong></span> <span class='ocrx_word' id='word_1_220' title='bbox 697 3082 779 3157; x_wconf 90' lang='lat' dir='ltr'><strong>capi.</strong></span> 
     </span>
    </p>

    <p class='ocr_par' dir='ltr' id='par_1_6' title="bbox 60 3167 1024 3595">
     <span class='ocr_line' id='line_1_34' title="bbox 60 3167 982 3248; baseline 0.001 -26"><span class='ocrx_word' id='word_1_221' title='bbox 60 3176 95 3226; x_wconf 70' lang='lat'><strong>205</strong></span> <span class='ocrx_word' id='word_1_222' title='bbox 109 3169 164 3229; x_wconf 83' lang='lat' dir='ltr'><strong>Fas</strong></span> <span class='ocrx_word' id='word_1_223' title='bbox 187 3168 326 3248; x_wconf 91' lang='lat' dir='ltr'><strong>prohibet</strong></span> <span class='ocrx_word' id='word_1_224' title='bbox 348 3167 431 3228; x_wconf 88' lang='lat' dir='ltr'><strong>Latio</strong></span> <span class='ocrx_word' id='word_1_225' title='bbox 455 3185 632 3246; x_wconf 85' lang='lat' dir='ltr'><strong>quemquam</strong></span> <span class='ocrx_word' id='word_1_226' title='bbox 655 3167 692 3226; x_wconf 95' lang='lat' dir='ltr'><strong>de</strong></span> <span class='ocrx_word' id='word_1_227' title='bbox 716 3167 857 3242; x_wconf 90' lang='lat' dir='ltr'><strong>sanguine</strong></span> <span class='ocrx_word' id='word_1_228' title='bbox 881 3169 982 3223; x_wconf 85' lang='lat' dir='ltr'><strong>natum</strong></span> 
     </span>
     <span class='ocr_line' id='line_1_35' title="bbox 110 3254 759 3332; baseline -0.009 -15"><span class='ocrx_word' id='word_1_229' title='bbox 110 3257 284 3318; x_wconf 86' lang='lat' dir='ltr'><strong>Caesaribus</strong></span> <span class='ocrx_word' id='word_1_230' title='bbox 307 3256 393 3316; x_wconf 91' lang='lat' dir='ltr'><strong>salvis</strong></span> <span class='ocrx_word' id='word_1_231' title='bbox 417 3254 540 3315; x_wconf 89' lang='lat' dir='ltr'><strong>barbara</strong></span> <span class='ocrx_word' id='word_1_232' title='bbox 564 3255 657 3314; x_wconf 88' lang='lat' dir='ltr'><strong>vincla</strong></span> <span class='ocrx_word' id='word_1_233' title='bbox 680 3254 759 3332; x_wconf 88' lang='lat' dir='ltr'><strong>pati.</strong></span> 
     </span>
     <span class='ocr_line' id='line_1_36' title="bbox 110 3342 1024 3417; baseline -0.007 -13"><span class='ocrx_word' id='word_1_234' title='bbox 110 3344 296 3404; x_wconf 89' lang='lat' dir='ltr'><strong>Perdiderint</strong></span> <span class='ocrx_word' id='word_1_235' title='bbox 319 3361 387 3404; x_wconf 93' lang='lat' dir='ltr'><strong>cum</strong></span> <span class='ocrx_word' id='word_1_236' title='bbox 410 3360 456 3403; x_wconf 90' lang='lat' dir='ltr'><strong>me</strong></span> <span class='ocrx_word' id='word_1_237' title='bbox 476 3342 535 3402; x_wconf 91' lang='lat' dir='ltr'><strong>duo</strong></span> <span class='ocrx_word' id='word_1_238' title='bbox 558 3343 703 3417; x_wconf 89' lang='lat' dir='ltr'><strong>crimina,</strong></span> <span class='ocrx_word' id='word_1_239' title='bbox 727 3354 845 3397; x_wconf 90' lang='lat' dir='ltr'><strong>carmen</strong></span> <span class='ocrx_word' id='word_1_240' title='bbox 868 3344 900 3397; x_wconf 87' lang='lat' dir='ltr'><strong>et</strong></span> <span class='ocrx_word' id='word_1_241' title='bbox 922 3354 1024 3415; x_wconf 91' lang='lat' dir='ltr'><strong>error,</strong></span> 
     </span>
     <span class='ocr_line' id='line_1_37' title="bbox 112 3425 689 3508; baseline -0.01 -16"><span class='ocrx_word' id='word_1_242' title='bbox 112 3432 240 3492; x_wconf 75' lang='lat' dir='ltr'><strong>Alterius</strong></span> <span class='ocrx_word' id='word_1_243' title='bbox 263 3433 333 3491; x_wconf 85' lang='lat' dir='ltr'><strong>lacti</strong></span> <span class='ocrx_word' id='word_1_244' title='bbox 356 3430 442 3508; x_wconf 87' lang='lat' dir='ltr'><strong>culpa</strong></span> <span class='ocrx_word' id='word_1_245' title='bbox 466 3428 577 3491; x_wconf 89' lang='lat' dir='ltr'><strong>silenda</strong></span> <span class='ocrx_word' id='word_1_246' title='bbox 600 3425 689 3486; x_wconf 89' lang='lat' dir='ltr'><strong>mihi:</strong></span> 
     </span>
     <span class='ocr_line' id='line_1_38' title="bbox 110 3510 1016 3595; baseline -0.004 -19"><span class='ocrx_word' id='word_1_247' title='bbox 110 3518 181 3580; x_wconf 91' lang='lat' dir='ltr'><strong>Nam</strong></span> <span class='ocrx_word' id='word_1_248' title='bbox 201 3536 260 3579; x_wconf 94' lang='lat' dir='ltr'><strong>non</strong></span> <span class='ocrx_word' id='word_1_249' title='bbox 278 3537 343 3579; x_wconf 93' lang='lat' dir='ltr'><strong>sum</strong></span> <span class='ocrx_word' id='word_1_250' title='bbox 362 3520 453 3595; x_wconf 88' lang='lat' dir='ltr'><strong>tanti,</strong></span> <span class='ocrx_word' id='word_1_251' title='bbox 473 3531 612 3575; x_wconf 91' lang='lat' dir='ltr'><strong>renovem</strong></span> <span class='ocrx_word' id='word_1_252' title='bbox 627 3521 659 3574; x_wconf 88' lang='lat' dir='ltr'><strong>ut</strong></span> <span class='ocrx_word' id='word_1_253' title='bbox 677 3520 728 3573; x_wconf 91' lang='lat' dir='ltr'><strong>tua</strong></span> <span class='ocrx_word' id='word_1_254' title='bbox 747 3510 885 3593; x_wconf 87' lang='lat' dir='ltr'><strong>vulnera,</strong></span> <span class='ocrx_word' id='word_1_255' title='bbox 900 3512 1016 3591; x_wconf 89' lang='lat' dir='ltr'><strong>Caesar,</strong></span> 
     </span>
    </p>
   </div>
   <div class='ocr_carea' id='block_1_5' title="bbox 0 0 1204 3892">
    <p class='ocr_par' dir='ltr' id='par_1_7' title="bbox 0 0 1204 3892">
     <span class='ocr_line' id='line_1_39' title="bbox 0 0 1204 3892; baseline 0 0"><span class='ocrx_word' id='word_1_256' title='bbox 0 0 1204 3892; x_wconf 95' lang='lat' dir='ltr'><strong> </strong></span> 
     </span>
    </p>
   </div>
  </div>
 </body>
</html>
