2386 3892
144 1102 184 1162 In
208 1103 268 1161 hoc
290 1098 438 1160 volumine
461 1098 526 1161 sola
549 1097 661 1159 Tristia
683 1103 766 1178 sunt,
793 1119 869 1178 quae
892 1106 1069 1179 apparatum

55 1193 194 1254 criticum
224 1190 346 1265 qualem
373 1191 503 1266 oportet,
532 1188 662 1248 nondum
689 1189 809 1250 habent.
864 1191 1012 1251 recensuit
1034 1209 1070 1251 ea

55 1282 90 1341 R.
114 1278 250 1339 Ehwald
272 1277 319 1338 vir
341 1276 526 1338 doctissimus
548 1295 616 1336 meo
639 1280 755 1353 rogatu,
779 1277 926 1336 arbitratu
949 1283 979 1337 et
1002 1279 1069 1338 doc·

56 1369 155 1428 trinas
179 1368 381 1425 instrumento
399 1383 462 1442 suo,
485 1365 594 1426 collato
612 1364 783 1424 Florentiae
802 1364 901 1425 codice
920 1366 1069 1425 Marciano

58 1458 202 1516 lacunoso
223 1448 464 1534 (desuntpartes
483 1453 529 1514 11
548 1453 627 1513 adv
648 1457 697 1527 10,
720 1452 1069 1529 111v11ad1111112‚

58 1545 123 1603 IIII
141 1557 192 1603 vn
213 1545 232 1602 6
253 1542 292 1601 ad
309 1539 410 1623 tinem)
434 1545 466 1602 et
488 1541 630 1601 adhibitis
653 1541 689 1601 de
707 1542 825 1620 integro
848 1543 970 1619 aliquot,
994 1561 1067 1619 quos

60 1650 287 1708 usurpaveram.
340 1630 502 1707 dequibus
525 1648 593 1709 cum
616 1631 787 1690 summatim
808 1631 865 1690 dici
883 1650 942 1690 non
960 1632 1068 1692 condu-

60 1723 120 1795 cat,
144 1738 200 1779 nec
223 1719 392 1778 ubertatem
414 1718 610 1778 vindiciarum
632 1719 771 1778 editionis
794 1719 912 1779 exilitas
935 1720 1068 1796 recipiat,

60 1809 220 1869 coniuncta
242 1808 315 1868 haec
338 1807 437 1866 omnia
458 1807 517 1866 alio
540 1807 605 1866 loco
627 1807 799 1884 propediem
816 1826 871 1867 nos
890 1808 1070 1867 demeritum

61 1914 204 1974 auguror.

152 1983 283 2058 Reliqua
303 1983 474 2044 Nasoniane
499 1984 572 2043 haec
594 1983 691 2059 poesis
715 1984 930 2060 supellectilem
953 2002 1069 2060 compa·

61 2072 151 2132 ravit.
205 2071 276 2130 libri
306 2074 475 2148 temporum
506 2071 609 2131 ordine
639 2073 813 2148 plerumque
841 2072 989 2148 dispositi,
1022 2090 1070 2130 cu-

61 2161 170 2236 iusque
203 2159 315 2220 saeculi
345 2160 476 2236 aliquam
508 2159 609 2231 multi,
640 2164 674 2218 ut
702 2163 835 2220 aetatum
862 2160 1069 2237 proprietates,

61 2249 217 2321 fallaciae,
246 2266 343 2325 nugae
366 2247 569 2307 translaticias
593 2251 763 2322 appareant.
816 2248 927 2323 inquo
951 2246 1070 2323 quidem

36 2402 39 2406 ,
61 2355 174 2414 genero
192 2336 269 2395 nihil
286 2336 444 2396 admodum
462 2354 572 2395 novum
590 2335 771 2410 reperietur3
787 2335 978 2394 confirmatur
994 2353 1069 2409 quae

61 2425 184 2485 aliunde
212 2425 243 2482 in
269 2426 442 2484 transcursu
468 2427 556 2500 parta
581 2421 690 2481 notitia
712 2423 834 2480 haerere
857 2423 963 2497 potuit.
1018 2422 1070 2480 sed

61 2513 210 2588 notabile,
243 2515 354 2589 quanta
385 2512 417 2572 in
447 2511 493 2571 his
526 2510 643 2586 scriptis
675 2509 886 2584 aequabilitate
918 2509 996 2569 inter
1023 2514 1070 2572 tot

61 2601 236 2662 discrimina
263 2604 295 2661 et
323 2600 499 2661 diverticula
525 2598 678 2675 paradosis
705 2600 792 2657 votus
821 2601 851 2657 et
877 2617 936 2659 una
962 2600 1069 2675 persti-

61 2693 148 2766 terit,
177 2707 268 2765 quam
293 2688 325 2748 in
351 2689 418 2749 aliis
445 2687 577 2765 graviter
599 2705 772 2748 concussam
794 2706 885 2764 propo
908 2689 1071 2748 etiamnum

9 2809 11 2828 ι
61 2780 209 2838 fluctuare
236 2776 379 2838 videmus.
432 2794 501 2834 nam
529 2776 608 2852 quod
634 2776 747 2836 codices
770 2776 891 2851 quidam
918 2776 1011 2836 Ibidis
1039 2780 1071 2835 st

60 2869 224 2928 Fastorum
256 2883 330 2926 saec.
352 2884 397 2926 xn
424 2863 579 2924 discedunt
604 2863 636 2922 in
664 2864 839 2940 scripturas,
868 2883 944 2941 quae
971 2882 1069 2922 recen-

61 2957 181 3016 sionum
199 2953 365 3030 priscarum
383 2971 447 3013 esse
465 2955 635 3028 potuerunt,
658 2954 741 3013 cuius
759 2955 861 3013 tamen
878 2951 948 3011 fidei
965 2949 1070 3009 modus

62 3048 107 3104 est
126 3042 292 3119 faciendus,
311 3060 346 3102 ea
364 3060 396 3101 rs
416 3041 578 3101 sustentari
594 3041 735 3101 videntur
749 3041 900 3116 compagis
914 3037 1070 3098 universae

62 3152 114 3194 eae
137 3139 255 3210 partes,
278 3149 353 3207 quae
376 3132 583 3189 controversae
606 3148 666 3189 non
689 3132 766 3189 sunt.

149 3221 202 3280 Ita
220 3219 264 3293 fit,
287 3222 321 3278 ut
344 3217 429 3294 siqua
450 3218 539 3294 paulo
558 3217 654 3276 acrior
672 3221 703 3276 et
720 3214 863 3274 intentior
881 3231 952 3273 cura
969 3213 1071 3274 critica

60 3310 95 3369 ad
118 3311 226 3388 partes
245 3310 376 3382 vocetur,
399 3308 464 3365 tota
487 3324 522 3364 ea
545 3303 722 3365 conferenda
741 3303 780 3361 sit
799 3302 828 3359 in
846 3303 930 3376 hanc,
954 3320 1029 3377 quae
1053 3321 1071 3359 a

60 3400 179 3461 saeculo
204 3409 237 3472 x,
260 3395 291 3453 in
313 3395 396 3455 Ibide
415 3407 477 3469 ΧΠ,
500 3392 655 3469 profluxit,
678 3390 841 3450 carminum
863 3389 1070 3450 conformatio-

823 3488 859 3542 a*
