2386 3892
472 189 504 241 v.
524 191 671 241 sao-sss.
1005 182 1070 252 317

156 353 270 415 Chloris
294 370 394 433 eram,
418 351 544 432 nymphe
568 353 663 431 campi
687 350 803 432 felicis,
826 349 877 412 ubi
901 349 984 412 audis

200 441 271 502 liem
296 443 452 503 fortunatis
476 449 543 501 ante
567 439 658 500 luisse
681 441 770 500 viris.

155 529 236 600 Quae
255 530 342 590 luerit
363 529 435 589 mihi
453 529 564 608 torma,
587 544 674 606 grave
700 534 747 588 est
764 544 886 588 narrare
905 524 1071 607 modestam

89 632 141 679 eoo
200 617 257 678 Sed
281 634 423 695 generum
447 617 535 676 matri
556 617 690 694 repperit
711 615 760 675 illa
783 614 889 676 deum.

155 704 212 765 Ver
236 715 321 784 erat,
345 703 500 765 errabam:
533 702 685 782 Zephyrus
703 705 878 784 conspexit,
901 700 1035 764 abibam.
1100 704 1109 713 “

199 793 392 872 Insequitur,
414 793 517 870 logio:
550 791 654 852 lortior
677 789 727 851 ille
749 791 823 851 luit.

155 881 193 942 Et
216 881 337 941 dederat
360 880 444 940 fratri
467 877 576 940 Boreas
598 881 645 939 ius
668 896 756 963 omne
778 880 916 958 rapinae,

200 970 297 1030 hirsus
320 966 485 1029 Erechthea
508 969 637 1046 praemia
660 968 740 1028 ierre
763 965 868 1028 domo.

89 1069 140 1117 eos
156 1057 219 1118 Vim
242 1066 341 1117 tamen
365 1055 501 1117 emendat
523 1054 618 1116 dando
641 1054 714 1116 mibi
735 1057 854 1116 nomina
877 1060 1004 1136 nuptae,

199 1145 292 1224 lnque
315 1161 381 1205 meo
405 1161 464 1204 non
488 1151 534 1204 est
555 1143 614 1204 ulla
637 1142 768 1223 querella
790 1151 874 1204 toro.

156 1233 230 1293 Vere
254 1234 337 1293 iruor
360 1249 499 1312 semper:
531 1248 649 1311 semper
671 1231 867 1293 nitidissimus
889 1246 1002 1308 annue,

200 1320 296 1381 hrbor
319 1319 405 1381 habet
430 1319 572 1401 frondes,
595 1317 702 1398 pabula
725 1335 843 1398 semper
864 1316 990 1379 hrrmus.

157 1408 208 1470 Est
231 1407 302 1469 mihi
325 1407 471 1469 fecundus
494 1406 640 1469 dotalibus
662 1407 767 1468 hortus
789 1409 819 1467 in
843 1407 941 1485 agris,

89 1509 141 1557 210
200 1497 278 1558 hura
301 1497 396 1577 louet,
419 1494 547 1574 liquidae
570 1496 651 1556 tonte
673 1496 786 1574 rigatur
809 1510 919 1573 aquae:

157 1583 241 1645 Hunc
265 1603 348 1645 meus
371 1583 503 1664 implerit
524 1600 669 1663 generoso
691 1581 766 1643 llore
788 1583 930 1663 maritus,

201 1674 296 1751 Atque
320 1675 360 1732 ait
383 1667 566 1732 “arbitrium
590 1680 645 1751 tu,
668 1669 745 1751 dea,
767 1668 850 1731 lloris
872 1663 994 1731 habe.''

157 1761 249 1839 Saepe
273 1779 326 1840 ego
350 1760 480 1839 digestos
502 1759 581 1821 volui
604 1775 760 1820 numerare
783 1756 916 1837 colores,

200 1847 261 1909 Nec
284 1851 388 1930 potui3
411 1864 535 1910 numero
559 1849 643 1928 copia
665 1849 757 1908 maior
779 1854 861 1908 erat.

90 1948 141 1996 215
157 1935 281 1997 Roscida
304 1954 372 1998 cum
395 1938 524 2016 primum
546 1935 624 1997 loliis
647 1951 771 1998 excussa
792 1935 900 2017 pmlna
922 1941 968 1996 est

200 2024 237 2085 Et
259 2026 355 2085 variae
379 2023 469 2087 radiis
490 2027 647 2103 intepuere
669 2040 787 2103 comae,

157 2111 343 2173 Conveniunt
365 2112 452 2189 pictis
474 2113 620 2172 incinctae
643 2110 775 2173 restibus
797 2106 913 2190 Horae,

200 2199 292 2278 loque
315 2196 396 2258 leves
418 2197 547 2258 calathos
569 2215 693 2260 munera
715 2206 816 2259 nostra
838 2196 961 2277 legunt.

157 2287 296 2348 Protinus
319 2284 465 2347 accedunt
486 2283 643 2364 Charites,
664 2292 847 2363 nectuntque
870 2300 995 2345 coronas

91 2388 142 2436 eto
202 2376 346 2454 Sertaque
369 2372 512 2435 caelestes
532 2371 712 2452 implicitura
734 2386 852 2432 comas.

157 2463 254 2524 Prima
277 2481 331 2542 per
353 2464 512 2523 immensas
533 2461 630 2541 sparsi
652 2476 727 2520 nora
749 2459 862 2519 semim
883 2464 1005 2537 gentes:

201 2551 294 2610 Unius
317 2549 405 2612 tellus
428 2556 496 2609 ante
518 2549 626 2610 coloris
645 2554 729 2609 erat.

158 2639 254 2699 Prima
276 2637 468 2717 Therapnaeo
490 2637 549 2698 ieci
571 2635 608 2697 de
631 2635 773 2715 sanguine
794 2631 917 2714 florem,

201 2726 238 2788 Et
260 2737 360 2789 manet
381 2728 412 2788 in
436 2724 505 2786 lolio
528 2727 638 2804 scripta
661 2720 793 2803 querella
816 2738 888 2783 suo.

92 2826 143 2872 nes
158 2814 202 2874 Tu
230 2832 348 2896 quoque
371 2830 480 2876 nomen
501 2811 593 2874 hahes'
616 2811 713 2875 cultos
725 2858 735 2893 ,
757 2809 894 2873 Narcisso
906 2857 916 2890 ,
938 2825 992 2889 per

701 2898 805 2963 hortos

202 2986 306 3050 lolelix
318 3037 328 3072 ,
350 2989 428 3070 quod
452 3005 512 3050 non
534 2986 609 3050 alter
631 2997 663 3051 et
684 2988 759 3050 alter
781 2947 865 3049 erbe.

159 3076 236 3145 Quid
259 3075 373 3138 Crocon
395 3084 447 3139 curt
469 3078 550 3139 Attin
573 3076 700 3139 referam
722 3074 888 3155 Cinyraque
910 3076 1060 3152 creatum,

202 3163 244 3224 De
268 3179 394 3243 quorum
415 3182 470 3245 per
493 3182 541 3227 me
562 3162 684 3226 volnere
707 3164 802 3241 surgit
819 3153 945 3221 honori

159 3251 236 3312 Mars
259 3268 377 3331 quoque
389 3297 399 3333 ,
421 3255 448 3314 si
469 3254 568 3314 nescis
580 3298 589 3331 ‚
616 3268 670 3330 per
692 3257 810 3312 nostras
833 3246 930 3309 editus
953 3253 1049 3309 artes:

93 3352 144 3401 eso
202 3339 335 3419 luppiter
355 3338 413 3402 hoc
435 3348 470 3402 ut
492 3338 588 3401 adhuc
608 3339 745 3420 nesciat,
764 3352 862 3417 usque
882 3351 1009 3417 precor.

159 3427 264 3488 Sancta
288 3425 384 3489 lovem
408 3426 481 3490 lano
504 3437 572 3489 nata
594 3427 660 3488 sine
682 3434 776 3488 matre
798 3423 929 3488 llinerra

202 3515 306 3577 (illicio
330 3515 423 3577 doluit
443 3530 506 3577 non
529 3516 646 3595 eguisse
668 3530 741 3577 suo.
