2386 3892
479 185 513 237 11.
533 186 628 237 t-ta.
989 184 1055 248 235

89 361 123 409 to
183 347 277 408 Caede
302 365 356 425 per·
378 346 553 408 Haemonias
577 347 662 408 solvit
684 347 808 408 Acastus
830 365 938 426 aquas.

137 435 257 497 vectam
280 435 403 495 frenatis
426 453 479 513 per
503 437 589 494 inane
614 434 790 496 draconibus
813 435 930 515 Aegeus

183 522 327 583 Credulus
351 525 486 583 inmerita
510 522 634 582 Phasida
657 525 731 584 iuvit
754 540 827 603 ope.

138 611 376 688 Amphiareiades
399 610 568 689 Naupactoo
591 610 719 672 Acheloo

183 695 284 759 ‘Solve
308 693 405 759 nelas'
430 699 525 779 dixit,
549 699 634 759 solvit
658 707 688 759 et
709 698 758 759 ille
781 699 880 759 nelas.

89 786 178 848 45Αέ
208 789 331 847 nimium
356 787 478 866 faciles,
501 789 553 864 qui
575 788 670 848 tristia
695 789 817 847 crimina
840 786 938 847 caedis

183 875 334 935 Plumioea
358 873 420 934 tolli
443 892 530 952 posse
552 876 664 954 putatis
687 873 779 953 aqual

139 962 196 1023 Sed
222 972 318 1023 tamen
342 995 375 1006 -
399 965 512 1041 antiqui
535 980 572 1023 ne
596 965 714 1024 nescius
737 963 849 1025 ordinis
873 981 956 1024 erres
980 994 1013 1006 -

182 1051 331 1130 Primus,⁸
344 1060 378 1111 ut
401 1060 446 1110 est
459 1096 467 1130 ,
491 1049 553 1111 lani
575 1054 686 1111 mensis
709 1060 738 1113 et
761 1059 828 1113 ante
852 1051 925 1112 luit.

139 1140 195 1209 Qui
218 1141 354 1218 sequitur
376 1137 478 1198 lanum
491 1185 500 1219 ,
524 1141 632 1200 veteris
656 1141 712 1200 luit
734 1138 855 1200 ultimus
879 1141 965 1201 anni:

92 1239 125 1287 5ο
183 1227 228 1288 Tu
252 1245 371 1307 quoque
396 1244 569 1306 sacrorum,
593 1225 731 1288 Termine
744 1274 753 1308 ,
776 1228 844 1288 linis
868 1245 951 1288 eras.

138 1314 254 1375 Primus
278 1318 356 1375 enim
379 1315 441 1375 lani
464 1317 594 1394 mensio,
620 1317 687 1393 quia
710 1317 795 1375 ianua
819 1317 912 1395 prima
935 1322 999 1376 est:

183 1402 240 1473 Qut
264 1421 347 1463 sacer
372 1413 417 1463 est
439 1405 507 1463 imis
531 1401 688 1483 manibus,
710 1405 788 1463 imus
811 1411 894 1463 erat.

138 1491 295 1550 Postmodo
319 1491 483 1552 creduntur
505 1493 599 1570 spatio
622 1491 759 1552 distantia
782 1490 869 1570 longo

184 1578 327 1658 Tempora
350 1579 396 1640 his
419 1581 501 1657 quini
524 1581 711 1640 continuasse
735 1580 806 1639 viri.

396 1753 423 1816 1.
446 1749 711 1816 tamenta-N

91 1907 124 1956 55
139 1895 289 1973 Principio
313 1897 422 1956 mensis
446 1893 588 1973 Phrygiae
612 1897 795 1956 contermina
817 1894 903 1957 Matri

184 1983 299 2062 Sospita
322 1981 454 2045 delubris
478 1982 587 2044 dicitur
610 1991 694 2044 aucta
718 1985 817 2043 novis.

139 2067 240 2132 ‘Nunc
264 2070 314 2132 ubi
338 2078 429 2150 sunt,
452 2069 510 2130 illis
533 2088 608 2150 quae
632 2078 702 2132 sunt
724 2077 837 2131 sacrata
859 2069 998 2132 Kalendis

182 2160 301 2239 Templa
325 2158 396 2220 deae
410 2153 442 2219 P'
466 2158 551 2237 longa
573 2157 760 2239 procubuere
784 2158 848 2220 die.

139 2248 243 2309 Cetera
266 2265 303 2306 ne
326 2246 415 2307 simili
438 2245 578 2307 caderent
599 2245 740 2307 labefacta
763 2248 864 2327 ruina,

90 2348 124 2397 5ο
183 2335 264 2396 Cavit
286 2336 393 2396 sacrati
415 2334 536 2414 provida
559 2351 631 2394 cura
653 2333 757 2414 dunis,

140 2422 201 2484 Sub
226 2441 284 2501 quo
307 2422 439 2484 delubris
463 2424 590 2484 sentitur
613 2420 692 2483 nulla
715 2427 871 2503 senectus3

182 2510 243 2571 Nec
267 2513 337 2571 satis
360 2520 406 2572 est
428 2511 585 2592 homines,
607 2508 715 2588 obligat
737 2508 785 2569 ille
808 2508 897 2572 deos.

138 2598 327 2676 Templorum
350 2602 478 2679 positor,
503 2598 680 2678 templorum
703 2605 804 2658 sancte
826 2605 980 2678 repostor,

183 2686 227 2748 Sit
250 2689 387 2768 superis,
412 2695 503 2767 opto,
526 2694 628 2749 mutua
651 2704 723 2747 cura
745 2687 806 2747 tui.

90 2786 123 2837 55
138 2775 214 2835 Dent
236 2775 289 2836 tibi
312 2774 476 2856 caelestes,
500 2793 575 2854 quos
598 2782 631 2836 tu
654 2773 852 2855 caelestibus,
875 2791 985 2855 annos,

182 2863 299 2942 Proque
323 2871 373 2924 tua
396 2869 532 2924 maneant
554 2865 586 2922 in
608 2865 733 2925 statione
756 2863 860 2925 domo.

138 2949 222 3012 Tunc
245 2969 362 3031 quoque
385 2951 474 3011 vicini
495 2950 581 3012 lucus
604 2949 770 3014 celebratur
792 2949 913 3012 Helerni

182 3039 246 3110 Qua
268 3043 344 3119 petit
366 3056 527 3118 aequoreas
550 3039 660 3101 advena
682 3039 809 3120 Thybris
832 3054 939 3117 aquas.

138 3127 181 3187 lo
205 3127 355 3206 penetrale
378 3127 511 3208 Numae,
535 3125 789 3207 Capitolinumque
812 3124 992 3202 Tonantem,

89 3227 122 3276 το
181 3215 273 3294 lnque
296 3215 372 3276 lovis
395 3232 507 3276 sumnia
531 3215 664 3276 caeditur
687 3232 754 3274 arce
777 3211 897 3272 bidens.

137 3301 231 3381 Saepe
254 3321 358 3383 graves
380 3302 492 3382 pluvias
516 3302 675 3382 adopertus
697 3298 827 3361 nubibus
849 3306 949 3358 auster

181 3390 315 3453 Concitat
327 3437 336 3472 ,
360 3398 411 3451 aut
433 3391 528 3469 posita
550 3387 606 3450 sub
629 3390 695 3448 nive
718 3395 798 3449 terra
820 3385 907 3447 latet.
