2386 3892
91 189 134 254 80
504 189 675 240 TRISTIUM

178 353 223 414 'lu
247 352 306 413 dux
330 360 360 413 et
383 369 481 413 comes
505 369 559 432 es3
583 360 616 412 tu
639 369 693 411 nos
716 349 838 411 abducis
862 349 899 411 ab
922 349 1040 433 llistro,

114 454 164 502 120
188 441 221 501 ln
244 440 400 519 medioque
423 440 494 499 mihi
518 439 569 498 das
592 438 732 498 Helicone
755 436 871 519 locum3
988 491 992 500 .

180 528 225 589 Tu
248 528 321 588 mihi
334 575 342 609 ‚
367 526 444 606 quod
468 544 569 588 rarum
592 533 638 586 est
651 574 660 606 ,
683 526 748 585 vivo
772 525 898 587 sublime
923 526 1030 589 dedisti

178 616 315 694 Nomen,
339 614 374 675 ab
399 617 531 692 exequiis
555 615 633 693 quod
657 614 726 674 dare
750 614 824 674 sama
848 612 942 677 solet.

179 704 262 784 Nec,
286 705 338 782 qui
361 702 506 763 detrectat
529 704 696 781 praesentia
708 708 717 782 3
740 700 827 762 Livor
850 702 955 782 iniquo

179 791 277 852 Ullum
301 791 337 851 de
361 792 471 851 nostris
494 788 581 850 dente
605 789 764 850 momordit
787 807 879 868 opus.

115 890 165 940 125
179 879 252 940 Nam
277 879 400 940 tulerint
422 895 543 956 magnos
567 894 635 938 cum
658 875 774 938 saecula
797 884 1045 959 nostra-poetas,

179 967 245 1027 Non
268 967 325 1027 init
346 969 465 1044 ingenio
490 966 564 1025 sama
588 965 714 1044 maligna
737 983 825 1043 meo,

180 1054 312 1133 Cumque
332 1071 386 1132 ego
404 1071 582 1133 praeponam
601 1053 710 1114 multos
728 1052 818 1133 milri,
838 1069 899 1113 non
919 1055 1016 1113 minor
1038 1051 1094 1113 illis

180 1142 268 1202 [licor
291 1150 321 1203 et
343 1142 374 1201 in
398 1149 460 1202 toto
483 1140 629 1220 plurimus
652 1140 724 1201 orbe
747 1140 846 1218 legor.

181 1229 285 1310 Siquid
307 1229 417 1290 habent
439 1231 531 1307 igitur
553 1238 652 1291 vatum
674 1231 825 1308 praesagia
848 1229 929 1308 veri,

115 1331 165 1380 130
180 1318 319 1379 Protinus
342 1325 376 1379 ut
399 1319 508 1378 moriar
520 1363 529 1399 ‚
553 1335 612 1378 non
636 1334 710 1397 ero,
733 1324 812 1377 terra
825 1362 834 1395 ‚
857 1323 946 1376 tuus.

181 1405 247 1466 Sive
271 1406 370 1466 lavore
393 1405 471 1485 tuli,
495 1407 556 1466 sive
580 1405 655 1465 hanc
678 1422 732 1482 ego
757 1406 886 1465 carmine
912 1404 1034 1483 lamam,

180 1494 247 1554 lure
271 1492 325 1555 tibi
348 1501 447 1572 grates
460 1540 468 1572 ,
493 1492 616 1554 candide
639 1491 733 1553 lector
745 1538 755 1573 ‚
778 1508 849 1570 ago.

405 1774 542 1858 LIBER
570 1773 783 1860 QUINTUS.

581 1965 608 2036 Ι.

180 2104 266 2165 llrrnc
290 2121 408 2184 quoque
432 2104 468 2165 de
491 2104 615 2186 Getico,
638 2107 733 2166 nostri
757 2104 912 2187 studiose,
937 2103 1063 2166 libellum

181 2192 281 2253 Litore
305 2193 475 2271 praemissis
499 2200 638 2271 quattuor
662 2192 735 2253 adde
759 2195 850 2254 meis.

182 2279 236 2341 Hic
260 2298 378 2360 quoque
403 2280 467 2341 talis
491 2283 548 2341 erit
560 2329 570 2362 ‚
593 2281 687 2359 qualis
711 2281 829 2342 fortuna
852 2288 977 2361 poetae:

180 2369 316 2430 Invenies
339 2376 400 2429 toto
425 2372 555 2430 carmine
579 2368 664 2430 durlcc
688 2368 781 2429 nihil.

152 2456 300 2517 oFlebilis
324 2465 358 2518 ut
380 2465 482 2525 noster
505 2465 600 2518 status
624 2463 690 2537 est,
713 2459 753 2518 ita
776 2455 874 2517 ilebile
898 2474 1034 2537 carmen,

182 2542 320 2606 Materiae
345 2547 455 2624 scripto
480 2546 673 2606 conveniente
697 2562 785 2607 suae.

182 2633 299 2712 integer
324 2641 354 2694 et
376 2633 470 2694 laetans
493 2633 569 2694 laeta
592 2640 622 2693 et
644 2631 789 2694 iuvenalia
812 2631 887 2694 lusi:

185 2719 235 2779 llla
258 2728 458 2781 tamen-nunc
482 2738 529 2780 me
553 2723 754 2799 composuisse
778 2721 876 2799 piget.

182 2806 221 2866 Ut
243 2806 359 2887 cecidi,
382 2807 473 2868 srrbiti
496 2824 604 2887 perago
628 2810 784 2887 praeconia
808 2825 912 2889 casus,

136 2907 167 2955 10
184 2890 314 2972 Sumque
339 2899 503 2973 argumenti
528 2896 664 2957 conditor
686 2899 750 2975 ipse
773 2899 851 2957 mei.

184 2981 280 3061 thue
305 2983 404 3042 iacens
428 2984 492 3060 ripa
515 2982 624 3044 deilere
648 2983 798 3063 Caystrius
823 2983 883 3046 ales

182 3069 296 3131 Dicitur
320 3088 370 3131 ore
395 3088 478 3130 suam
501 3069 657 3132 deficiente
680 3089 800 3151 necem,

184 3158 232 3219 Sic
257 3176 333 3239 ego,
358 3157 534 3219 Sarmaticas
558 3159 644 3238 longe
666 3162 819 3239 proiectus
842 3162 873 3220 in
897 3177 981 3239 oras,

182 3246 309 3327 Ellrcio,
333 3249 453 3308 tacitum
478 3265 515 3307 ne
539 3246 611 3307 mihi
634 3248 724 3308 iunus
749 3255 812 3309 eat.

136 3345 167 3392 15
183 3333 306 3394 Delicias
330 3336 424 3414 siquis
448 3334 613 3414 lascivaque
637 3338 766 3397 carmina
791 3338 925 3416 quaerit,

182 3420 386 3483 Praemone0:
410 3439 469 3482 non
493 3432 560 3504 est,
584 3425 695 3502 scripta
718 3422 796 3502 quod
820 3426 876 3484 ista
899 3420 992 3501 legati

183 3506 285 3586 dptior
308 3508 377 3570 huic
401 3508 500 3571 Gallus
524 3511 682 3589 blandique
705 3511 880 3592 Propertius
904 3514 981 3588 oris,
