2386 3892
499 181 548 232 EX
565 178 684 232 PONTO

544 375 640 449 VIII.

177 520 201 580 Α
225 519 280 582 tibi
303 517 411 581 dilecto
433 520 554 580 missam
577 517 693 580 Nasone
717 516 842 579 salutem

221 609 352 689 Accipe,
374 625 444 687 pars
467 609 580 669 animae
603 625 729 686 magna,
754 606 885 686 Severe,
908 624 1008 668 meae.

177 695 257 758 Neve
280 714 351 776 roga
362 742 371 776 ,
395 695 465 775 quid
485 713 584 774 agam.
623 696 648 756 si
671 712 834 774 persequar
853 697 972 778 omnia,
995 693 1085 757 llebis:

223 783 343 846 Summa
366 786 438 844 satis
461 786 556 845 nostri
579 784 605 843 si
628 782 682 843 tibi
705 791 775 844 nota
799 783 884 844 mali.

148 871 308 934 evicimus
332 873 459 933 assiduis
483 879 620 951 expertes
643 873 724 949 pacis
747 873 778 931 in
801 872 909 954 armis,

222 959 302 1022 Dura
324 960 493 1040 pharetrato
517 958 593 1020 bella
616 966 753 1021 movente
776 957 866 1020 Geta.

178 1047 280 1128 Deque
304 1055 349 1109 tot
371 1048 502 1127 expulsis
526 1064 592 1108 sum
614 1046 700 1108 miles
722 1049 755 1108 in
778 1046 864 1108 exule
887 1045 987 1109 solus:

223 1135 300 1197 Tuta
313 1184 322 1219 ,
345 1154 442 1215 neque
465 1136 604 1216 invideo,
628 1143 727 1196 cetera
751 1134 839 1197 turba
861 1134 952 1197 latet.
1015 1186 1019 1193 .

179 1223 303 1304 Quoque
328 1227 420 1304 magis
443 1233 561 1286 nostros
584 1226 669 1284 venia
692 1223 813 1302 dignere
837 1221 970 1305 libellos,

132 1323 164 1373 10
223 1312 302 1374 ilaec
325 1315 356 1373 in
379 1315 537 1392 procinctu
560 1313 690 1373 carmina
713 1312 790 1372 lacta
812 1310 911 1390 leges.

180 1401 244 1462 Stat
266 1409 351 1462 vetus
373 1399 469 1483 urbs,
493 1403 575 1479 ripae
597 1402 692 1461 vicina
715 1398 875 1460 binominis
898 1398 1008 1480 Histri,

222 1489 377 1550 Moenibus
400 1496 430 1551 et
452 1491 553 1568 positu
575 1491 623 1549 vix
646 1487 779 1549 adeunda
804 1488 877 1549 loci.

180 1577 301 1655 Caspios
325 1577 470 1657 Aegisos,
494 1577 531 1638 de
554 1594 585 1637 se
609 1578 636 1638 si
654 1576 803 1637 credimus
826 1577 918 1655 ipsis,

224 1663 382 1746 Condidit,
407 1675 436 1726 et
459 1666 580 1744 proprio
603 1665 722 1725 nomine
746 1663 819 1725 dixit
842 1681 935 1742 opus.

133 1763 165 1813 15
180 1752 261 1813 Hanc
285 1753 388 1834 ierus,
413 1752 545 1831 Odrysiis
569 1754 689 1833 inopino
712 1751 805 1812 Marte
828 1752 1008 1832 peremptis,

224 1838 330 1920 Cepit,
355 1843 436 1901 etin
460 1858 561 1919 regem
585 1839 706 1902 sustulit
728 1857 810 1900 arma
832 1838 940 1900 Getes.
986 1882 989 1892 .

179 1927 230 1989 llle
253 1946 367 1988 memor
390 1931 487 2007 magni
510 1930 651 2009 generis,
673 1930 782 1990 virtute
806 1925 885 2007 quod
909 1935 1014 2007 auget,

224 2016 365 2077 Protinus
388 2019 545 2078 innumero
569 2016 662 2078 milite
686 2019 802 2077 cinctus
826 2015 927 2077 adest.

180 2103 241 2165 Nec
263 2105 348 2183 prius
372 2103 536 2185 abscessit,
564 2106 670 2166 merita
693 2121 781 2184 quam
805 2105 894 2165 caede
917 2111 1074 2166 nocentum

132 2203 165 2253 20

180 2280 219 2341 At
241 2278 317 2362 tibi,
340 2298 394 2342 rex
417 2298 510 2361 aevo,
533 2278 642 2356 detur,
666 2280 826 2341 fortissime
850 2286 972 2361 nostro,
1055 2283 1103 2342 (²8)

226 2368 349 2448 Semper
370 2368 514 2430 honorata
537 2377 654 2448 sceptra
678 2376 780 2430 tenere
803 2384 911 2428 manu.

180 2455 300 2538 Teque,
319 2459 398 2538 quod
417 2465 448 2519 et
465 2464 584 2537 praesto
604 2463 649 2517 est
669 2489 703 2500 -
722 2456 792 2535 quid
812 2458 892 2517 enim
910 2454 966 2516 tibl
983 2453 1110 2533 plenius

728 2540 854 2623 optem?
877 2575 913 2586 -

224 2632 328 2695 Martia
351 2651 419 2695 cum
442 2650 549 2711 magno
572 2631 696 2693 Caesare
720 2631 812 2693 Roma
834 2630 959 2711 probet,

133 2731 166 2782 25
182 2720 239 2782 Sed
263 2739 376 2782 memor
399 2721 478 2782 unde
501 2721 581 2803 abii,
605 2738 737 2802 queror,
753 2715 778 2780 'o
802 2719 930 2781 iocunde
953 2717 1059 2781 sodalis
1072 2760 1085 2794 ‚

226 2809 375 2869 Accedant
397 2810 507 2870 nostris
532 2826 617 2870 saeva
640 2808 718 2887 quod
742 2825 823 2868 arma
846 2806 948 2868 malie.

180 2894 220 2956 Ut
242 2913 328 2957 careo
351 2895 456 2976 vobis,
480 2896 631 2975 Scythicas
655 2896 795 2957 detrusus
817 2897 849 2956 in
872 2913 958 2977 oras,

227 2984 373 3055 Quattuor
397 2990 554 3044 autumnos
577 2983 673 3045 Pleias
696 2991 760 3045 orta
783 2984 870 3045 lacit.

181 3071 242 3133 Nec
266 3080 298 3133 tu
323 3071 486 3133 credideris
510 3071 639 3133 urbanae
663 3072 816 3133 commoda
839 3073 916 3132 vitae

133 3171 167 3221 30
227 3159 376 3232 Quaerere
400 3158 565 3222 Nasonem:
589 3162 705 3239 quaerit
729 3166 759 3220 et
781 3158 830 3220 illa
853 3168 969 3220 tamen.

181 3247 254 3311 Nam
277 3249 363 3310 modo
387 3266 439 3310 vos
463 3252 559 3310 animo
583 3248 685 3309 dulces
709 3249 886 3309 reminiscor
908 3248 1012 3325 amici,

227 3336 312 3399 Nunc
336 3337 408 3398 mibi
431 3355 499 3398 cum
522 3354 591 3398 cara
614 3338 739 3414 coniuge
763 3345 831 3397 nata
855 3335 953 3397 subit:

182 3425 265 3504 dqrre
290 3424 376 3485 domo
400 3442 506 3486 rursus
529 3423 671 3505 pulchrae
694 3424 759 3485 loca
782 3430 883 3485 vertor
906 3423 942 3486 ad
965 3419 1079 3490 Urbis,

227 3511 398 3591 Cunctaque
423 3531 508 3574 mens
532 3511 625 3574 oculis
648 3511 784 3592 pervidet
806 3529 861 3573 usa
884 3514 963 3574 suis.
1044 3536 1048 3542 ·
