2386 3892
489 113 682 164 PASTORUM

223 310 271 374 15.
294 307 660 374 Alione-rervm
707 308 756 372 16.
781 307 845 372 BN
860 326 960 373 nvnr

175 453 273 514 Tertia
296 460 363 532 post
386 452 508 512 Veneris
532 470 600 512 oum
622 452 672 512 lux
696 454 861 513 surrexerit
882 452 971 533 ldus,

109 554 159 602 636
218 541 398 620 Pontifices,
422 539 504 599 lorda
529 557 611 600 sacra
635 539 714 600 litate
738 539 829 601 bore.

175 628 269 688 Forda
294 628 395 688 lerens
417 628 471 688 bos
495 635 541 688 est
563 627 770 707 secundaque,
793 628 871 688 dieta
894 628 1032 691 lerendor

218 716 293 776 Hinc
317 719 403 776 etiam
427 717 505 776 letus
529 733 637 776 nomen
660 715 769 776 babere
792 723 914 794 putant.

174 803 260 865 Nune
283 804 435 882 gravidum
459 821 551 882 pecus
574 810 620 863 est
632 850 641 883 ,
664 803 799 882 gravidae
824 798 903 865 nuno
925 806 1036 866 semiue

720 899 836 953 terrae:
942 953 945 958 .

218 979 330 1039 Telluri
353 979 456 1057 plenae
481 980 597 1038 victima
620 978 706 1056 plena
724 978 828 1039 datur.

108 1081 159 1128 635
174 1066 245 1126 Pars
270 1067 347 1127 cadit
370 1084 437 1126 arce
461 1065 558 1145 louis,
581 1065 741 1126 terdenas
764 1069 847 1127 curia
869 1084 973 1128 vaeoas

218 1153 332 1232 Accipit
345 1201 353 1234 ,
378 1163 408 1214 et
429 1154 510 1232 largo
535 1171 636 1231 sparsa
659 1172 766 1215 cruore
789 1155 904 1215 madet.

174 1242 227 1302 Ast
249 1242 301 1302 ubi
324 1242 486 1302 visceribus
509 1241 617 1301 vitulos
640 1260 765 1320 rapuere
790 1244 935 1323 ministri,

220 1329 365 1409 Sectaque
389 1330 513 1390 sarmosis
536 1338 602 1390 exta
624 1330 733 1390 dedere
756 1331 847 1410 loeis,

61 1402 67 1435 ยน
175 1418 244 1497 lgne
268 1428 380 1479 cremat
401 1417 509 1477 vitulos
532 1435 607 1496 quae
631 1428 701 1478 natu
724 1420 849 1479 maxima
873 1417 979 1498 Virgo,

108 1518 159 1567 640
218 1505 298 1566 Luce
321 1506 397 1566 Palis
421 1506 545 1584 populos
568 1514 675 1584 purget
697 1515 730 1567 ut
753 1506 801 1567 ille
825 1508 916 1567 einis.

173 1593 252 1671 Rege
276 1593 392 1674 Numa,
415 1595 515 1654 lruotu
538 1611 597 1653 non
621 1592 818 1672 respondente
841 1593 957 1673 labori,

218 1681 307 1740 Inrita
332 1681 448 1758 decepti
471 1690 538 1740 vota
561 1680 684 1741 colentis
707 1688 811 1741 erant.

173 1767 245 1827 Nam
270 1768 355 1827 modo
379 1771 477 1827 siccus
501 1777 564 1828 erat
586 1768 689 1846 gelidis
712 1768 898 1847 aquilonibus
921 1786 1034 1851 annus,

217 1855 301 1915 Nunc
325 1873 394 1932 ager
417 1855 534 1924 assidua
557 1856 723 1917 luxuriabat
745 1874 837 1935 aqua.

108 1955 159 2004 646
175 1943 268 2020 Saepe
291 1942 381 2003 Ceres
404 1945 508 2021 primis
531 1944 682 2004 dominum
705 1943 822 2004 fallebat
844 1946 876 2005 in
899 1943 1020 2025 herbis,

218 2030 254 2091 Et
278 2029 349 2090 levis
373 2029 494 2090 obsesso
518 2031 613 2091 stabat
636 2032 828 2112 avenasolo,

173 2116 211 2177 Et
235 2136 327 2195 pecus
350 2126 417 2178 ante
441 2118 518 2178 diem
541 2128 644 2198 partus
667 2119 772 2180 edebat
794 2118 918 2180 acerbos
926 2165 936 2201 ,

217 2205 357 2284 Agnaque
380 2207 527 2266 nascendo
551 2226 637 2285 saepe
661 2207 784 2268 necabat
806 2225 908 2268 orem.

175 2294 251 2354 Silva
274 2303 358 2355 vetus
382 2293 520 2372 utiliaque
544 2295 594 2354 diu
619 2295 723 2355 violata
745 2297 844 2356 seouri

108 2394 159 2442 666
218 2381 341 2463 Stabat,
363 2382 504 2442 Maenalio
528 2399 610 2442 saera
634 2382 736 2443 relicta
759 2383 831 2443 deo.

173 2469 223 2530 llle
247 2470 334 2531 dabat
357 2472 453 2530 tacitis
476 2471 572 2529 animo
595 2488 737 2549 responsa
760 2473 860 2548 quieto

217 2558 381 2619 Noctibus.
423 2559 470 2618 laic
494 2559 624 2636 geminas
648 2576 700 2618 rex
723 2557 817 2619 Numa
840 2566 1060 2621 mactatores.

172 2643 269 2704 Prima
292 2647 369 2707 eadit
392 2645 515 2725 Fauno,
537 2646 596 2705 leni
620 2645 697 2706 cadit
720 2645 811 2706 altera
835 2645 966 2709 8666666

218 2732 367 2794 Sternitur
390 2736 420 2793 in
443 2734 518 2794 duro
543 2732 635 2793 vellus
659 2741 817 2813 utrumque
841 2734 924 2796 solo.

108 2831 157 2881 665
172 2820 221 2880 Bis
245 2828 334 2897 caput
355 2823 505 2881 intonsum
528 2823 647 2882 fontana
669 2824 817 2900 spargitur
841 2821 941 2903 unda,

216 2908 265 2968 bis
289 2925 341 2967 sua
366 2908 478 2985 faginea
501 2918 633 2987 tempora
656 2909 760 2969 lronde
782 2912 909 2988 premit.

172 2996 249 3057 Usus
272 2995 357 3056 abest
379 2994 523 3075 Veneris,
547 3015 601 3057 666
624 2998 667 3056 las
691 2996 823 3056 animalia
847 3001 962 3061 mensis

217 3084 353 3164 Ponere,
377 3102 432 3143 neo
456 3084 554 3162 digitis
578 3084 683 3145 anulus
708 3084 784 3144 ullus
807 3087 903 3145 inest.

172 3170 259 3231 Veste
283 3171 349 3231 rudi
373 3179 470 3232 tectus
494 3189 583 3250 supra
606 3190 680 3232 nova
703 3171 810 3232 uellera
833 3190 947 3251 eorpus

108 3268 158 3316 666
218 3259 326 3338 Ponit,
350 3259 469 3319 adorato
492 3277 545 3337 per
569 3277 622 3318 sua
644 3259 732 3318 verba
757 3259 830 3319 deo.

174 3343 289 3404 Interea
313 3346 455 3423 placIdam
480 3347 614 3406 redimita
638 3365 781 3424 papavere
804 3347 938 3411 frontem

217 3431 280 3490 Nox
304 3437 384 3493 venit
396 3479 405 3513 ,
430 3441 460 3494 et
483 3452 584 3494 secum
607 3437 719 3494 somnia
741 3437 825 3512 nigra
847 3435 961 3498 trabit.
