2386 3892
1026 189 1103 244 xvn

88 360 205 428 libello,
218 359 251 417 in
263 360 353 418 tanta
366 356 636 415 additamentorum
645 355 801 432 brevitate,
816 356 988 434 dignoscere
997 355 1102 428 ausim,

91 467 169 525 quae
196 447 229 505 in
257 445 373 505 eodices
399 448 517 505 nostros
544 447 606 503 tres
634 444 744 503 saeculi
770 462 815 502 nn
842 447 1009 503 commenta
1037 461 1101 502 sae-

92 536 153 595 culi
175 548 200 594 x
224 537 278 593 aut
296 547 333 592 xl
357 532 461 591 inferri
483 535 514 590 et
537 531 655 590 scholiis
679 531 794 591 adstmi
816 533 976 607 potuerint.
1033 534 1102 591 aunt

91 625 124 683 15
146 644 175 698 p.
201 624 242 682 23
267 621 406 696 vulgaria
427 621 522 696 plura.

181 710 269 769 Duae
292 712 409 767 restant
430 708 555 784 paginae
578 707 741 783 proximae,
769 699 842 788 (24)
865 711 896 768 55
919 700 1006 789 (25),
1030 726 1101 783 qua-

94 819 161 857 rum
186 816 304 857 summa
326 814 466 856 versuum
488 795 621 854 distichis
636 794 751 855 duobus
764 795 933 872 legitimum
945 815 1101 854 numerum

93 885 216 946 excedit.
272 885 305 942 in
331 884 424 959 priori
450 883 529 959 quod
557 884 753 959 suspicionem
783 884 1017 958 supramodum
1040 903 1100 942 mo·

92 977 176 1050 5555,
200 972 279 1032 511511
301 971 400 1047 video,
427 971 485 1029 nisi
506 991 534 1031 v.
558 973 620 1031 517
646 971 840 1048 Peregrinum
862 971 1006 1033 Proteum
1028 971 1100 1030 deli-

94 1063 202 1122 tiscere
238 1059 406 1135 credemus,
449 1059 528 1135 quod
563 1059 750 1134 exploratum
784 1079 844 1120 non
880 1064 933 1120 est.
984 1061 1051 1118 inde
1084 1079 1102 1119 5

94 1171 137 1210 vv.
169 1151 234 1208 533
265 1152 296 1207 55
325 1150 386 1207 551
416 1147 545 1206 ubertim
572 1147 692 1223 adsunt,
720 1166 795 1223 quae
823 1148 919 1224 quivis
946 1149 1101 1207 mediocris

95 1237 278 1298 versificator
306 1235 508 1295 consarcinare
538 1235 644 1311 potuit
694 1236 787 1311 selegi
814 1236 885 1310 duo,
912 1255 988 1312 quae
1015 1255 1101 1312 pecu-

94 1327 201 1385 liarem
228 1325 395 1383 labeculam
424 1323 603 1398 praeferunt.
658 1322 805 1381 distichon
828 1325 891 1383 539
916 1326 980 1383 540
1002 1325 1102 1383 inco·

95 1415 210 1473 51511555
244 1412 381 1471 omnibus
412 1414 598 1487 corruptum,
631 1410 749 1469 scholiis
781 1410 940 1469 distortum
968 1411 1100 1471 eruditae

94 1501 232 1562 lectionis
256 1500 474 1575 aliquantulum
496 1499 609 1575 prodit,
631 1498 754 1556 indiculi
776 1497 910 1557 historici
932 1501 963 1557 et
985 1499 1100 1558 fabula·

94 1609 175 1665 rum,
204 1587 301 1664 qualis
324 1587 561 1663 mythographus
584 1587 747 1646 Vaticanus
769 1587 896 1663 primus,
919 1587 1101 1663 5515555515

96 1675 192 1752 Cyrae
216 1679 250 1734 et
269 1675 353 1734 Batti
375 1675 561 1750 migrationis
583 1675 765 1734 mentionem
787 1675 899 1735 habuit.
954 1677 1102 1751 scriptura

96 1765 231 1823 codicum
245 1764 390 1822 bonorum
404 1767 452 1822 555
466 1762 602 1822 Conditor
614 1769 647 1823 55
660 1765 776 1838 tardum
795 1762 832 1821 de
846 1781 981 1822 errorum
995 1765 1100 1823 eximio

95 1869 220 1910 numero
245 1851 321 1910 ratio
344 1850 497 1909 hominem
514 1850 630 1909 fefellit.
657 1881 694 1892 -
719 1870 767 1910 55.
787 1853 849 1910 543
870 1854 933 1912 544
953 1871 1011 1928 555
1026 1856 1100 1911 5555-

94 1958 167 2014 pore
200 1938 391 2013 interpositos
421 1938 530 2013 dicam,
561 1956 621 1997 non
652 1939 756 1998 habeo,
810 1939 867 1998 soli
898 1943 1000 1998 tamen
1032 1944 1101 1999 sunt

94 2028 125 2085 in
148 2027 196 2085 his
214 2039 286 2085 xxv
310 2026 465 2101 archetypi
486 2026 610 2102 paginis,
634 2025 740 2101 quibus
762 2025 866 2084 fabula
887 2027 948 2085 iam
971 2026 1101 2086 delibata

93 2115 231 2174 iteratur.
286 2114 433 2173 distichon
460 2117 522 2173 291
553 2116 615 2173 292
644 2131 662 2172 5
689 2113 824 2172 Β5551515
856 2115 1024 2174 confossum
1052 2115 1101 2175 515

94 2204 194 2277 ipsum
226 2202 399 2277 genuinum,
437 2201 490 2259 sed
522 2201 559 2260 ab
592 2202 754 2276 archetypo
787 2201 897 2261 afuisse
929 2221 989 2261 non
1019 2206 1100 2277 puto.

95 2290 217 2349 nomina
232 2292 262 2347 et
277 2306 418 2364 personas
433 2289 610 2364 aliquotiens
624 2293 747 2363 propter
759 2289 843 2347 55515
857 2309 932 2366 5555
947 2290 1101 2349 subierunt

97 2380 152 2436 aut
174 2379 386 2452 perpetrarunt
409 2376 553 2451 supplicia
576 2379 628 2433 aut
651 2375 795 2451 facinora,
817 2378 928 2453 induci,
950 2378 1032 2436 velut
1056 2381 1101 2435 555

95 2466 129 2523 15
142 2465 281 2540 Lycaone
301 2467 364 2524 327
380 2467 454 2532 431,
472 2468 525 2522 555
544 2464 641 2522 obiter
658 2466 890 2538 commemorari,
906 2468 944 2522 ut
958 2464 1101 2522 Limonen

96 2555 171 2626 335,
194 2553 269 2610 nihil
292 2553 412 2610 mirum:
435 2556 467 2610 55
490 2553 611 2627 5511555,
635 2568 711 2627 5555
724 2549 847 2609 Ellisius
870 2553 1101 2626 5555115551-

96 2641 233 2701 dirarum
255 2640 425 2700 fabularum
449 2640 583 2714 exempla
601 2638 769 2716 proposuit,
792 2656 930 2698 numeros
952 2658 1101 2717 versuum,

96 2729 149 2804 qui
173 2731 243 2787 sunt
265 2731 334 2803 post
357 2730 420 2788 556
443 2747 497 2786 555
519 2728 687 2786 incensum
706 2726 838 2803 veniunt,
861 2729 972 2787 referre
991 2729 1100 2805 videas,

95 2816 234 2892 inprimis
258 2818 321 2875 563
346 2817 410 2875 564
435 2817 496 2875 565
523 2817 585 2874 566
611 2817 673 2875 577
699 2817 771 2877 578.
885 2822 889 2829 ’

186 2903 310 2962 Utilitas
332 2903 364 2961 in
387 2904 433 2962 his
456 2903 630 2963 ratiunculis
648 2903 721 2963 15555
740 2905 925 2978 potissimum
945 2908 999 2980 est,
1023 2906 1101 2980 quod

96 2992 270 3050 alocorum
297 3009 356 3051 non
384 3009 545 3067 paucorum
568 2991 774 3051 emendatione
797 3012 917 3068 prorsus
942 2996 988 3052 est
1011 2993 1102 3051 absti-

95 3078 234 3139 nendum.
287 3079 385 3138 nescio
414 3098 452 3137 55
478 3080 662 3154 praestiterit
689 3080 780 3139 etiam
808 3081 845 3140 ab
874 3082 917 3139 eis
950 3080 1101 3155 abstineri,

97 3169 156 3242 qui
175 3167 302 3226 saeculis
329 3167 478 3242 prioribus
507 3167 614 3226 adiecti
644 3168 791 3227 videntur.
845 3169 973 3226 Pacatus
1000 3168 1103 3227 rhetor

95 3255 171 3331 legit
203 3254 351 3314 distichon
380 3257 441 3314 159
478 3257 540 3314 165)
569 3258 694 3315 exeunte
727 3256 845 3314 saeculo
877 3260 996 3330 quarto,
1028 3255 1102 3331 legit

94 3343 224 3403 fortasse
248 3343 292 3401 155
315 3343 517 3416 emendatum,
545 3343 590 3402 uti
617 3343 731 3418 pridem
755 3341 947 3400 conieceram:
978 3344 1101 3401 551551-

94 3432 198 3490 tioium
231 3433 330 3489 totum
360 3433 445 3507 puto,
477 3429 608 3489 effictum
638 3432 762 3505 propter
788 3427 954 3488 intellectas
981 3450 1009 3489 v.
1040 3434 1100 3489 161

94 3538 154 3580 555
177 3519 282 3592 furies,
306 3518 351 3577 uti
369 3519 450 3578 Fast.
469 3517 513 3574 VI
532 3519 605 3591 489,
630 3516 681 3575 sed
704 3514 861 3574 Furiarum
884 3517 1034 3575 ultricium
1057 3535 1103 3599 co·

147 3627 231 3668 5555).
244 3626 282 3665 555
873 3613 892 3673 b
