2386 3892
438 217 460 268 1.
479 228 492 268 1
507 219 620 269 toa-n
633 218 676 268 43.

138 381 249 442 Oderat
272 380 393 441 Aenean
416 380 538 458 propior
562 377 699 439 Saturnia
722 377 842 440 Turno:

137 469 189 529 llle
212 477 313 529 tamen
336 467 459 528 Veneris
483 468 603 527 numine
627 474 710 528 tutus
734 474 814 530 erat.

140 557 234 636 Saepe
258 556 343 616 lemx
366 562 486 616 cautum
508 555 595 632 petiit
613 553 768 634 Neptunus
793 553 912 615 Ulixen:

89 657 124 704 10
138 644 259 724 Eripuit
281 652 387 722 patruo
412 660 499 721 saepe
522 641 652 703 Minerva
675 660 748 704 suc.

138 731 179 792 Et
200 731 286 792 nobis
310 730 451 811 aliquod,
475 731 607 808 quamvis
630 729 774 790 distamus
797 729 833 790 ab
856 729 934 811 illis,

140 820 214 890 Quis
236 825 316 880 vetat
338 821 414 879 irato
438 834 549 879 numen
572 818 676 880 adesse
700 814 781 879 dec?

139 906 236 968 Verba
259 909 350 967 miser
372 907 484 967 frustra
507 923 566 966 nen
590 907 774 985 proficientia
799 906 909 985 perdo.

139 994 206 1073 Ipsa
230 1012 333 1073 graves
358 1002 502 1074 spargunt
524 1011 576 1053 ora
599 992 748 1073 loquentis
771 1012 881 1075 aquae,

92 1095 125 1143 15
141 1081 356 1160 Terribilisquc
379 1088 468 1142 notus
491 1083 580 1142 iactat
601 1099 667 1143 mea
690 1081 790 1162 dicta,
815 1099 980 1162 precesque

141 1170 183 1230 Ad
209 1187 284 1249 ques
307 1171 488 1249 mittuntur,
511 1186 571 1229 non
594 1171 664 1231 sinit
686 1171 731 1230 ire
754 1169 843 1230 deos.

140 1257 220 1336 Ergo
244 1256 322 1317 idem
345 1259 426 1317 venti
438 1303 448 1337 ‚
472 1274 510 1316 ne
529 1275 617 1317 causa
639 1257 739 1318 laedar
761 1259 793 1318 in
815 1275 893 1338 una,

141 1345 270 1424 Velaquc
293 1346 394 1405 nescio
418 1363 477 1424 quc
501 1354 626 1423 votaque
650 1351 753 1405 nostra
775 1344 892 1406 lerunt.

141 1433 188 1494 lile
212 1435 377 1513 miserum,
400 1434 504 1512 quanti
526 1440 642 1492 montes
665 1431 825 1492 volvuntur
847 1431 1007 1510 aquaruml

91 1535 126 1584 00
141 1521 202 1582 lam
225 1523 283 1581 iam
307 1528 439 1582 tacturos
463 1520 560 1581 sidera
584 1537 698 1580 summa
721 1527 826 1598 putes.

140 1609 273 1679 Quantae
297 1608 417 1669 diducto
442 1607 601 1669 subsidunt
623 1626 752 1687 aequore
774 1606 883 1670 vallesl

142 1696 202 1758 lam
226 1700 284 1757 iam
307 1703 437 1758 tacturas
460 1695 583 1756 Tartara
606 1699 690 1776 nigra
713 1703 816 1775 putes.

139 1785 333 1863 Quocumque
356 1786 488 1865 aspicio,
511 1783 585 1845 nihil
608 1792 654 1845 est
676 1786 735 1844 nisi
757 1792 867 1864 pontus
890 1789 1013 1866 01301,

141 1872 295 1934 Fluctibus
317 1872 366 1932 hic
389 1872 541 1951 tumidus,
564 1870 693 1933 nubibus
716 1871 765 1932 ille
788 1874 904 1935 minax.

93 1961 222 2022 05111101
246 1968 409 2040 utrumque
432 1960 563 2021 fremunt
585 1961 697 2020 inmani
719 1978 872 2022 murmure
896 1962 992 2021 venti.

140 2049 264 2128 Nescit,
288 2050 337 2109 cui
360 2048 479 2109 domino
501 2056 603 2126 pareat
615 2094 625 2128 ,
647 2047 726 2109 unda
750 2050 856 2110 maris.

139 2137 211 2197 Nam
235 2135 323 2196 modo
345 2153 498 2215 purpureo
521 2137 600 2197 vires
624 2138 702 2216 capit
726 2154 816 2198 eurus
836 2135 872 2196 ab
896 2144 983 2215 ortu,

140 2225 225 2285 Nunc
249 2223 395 2303 zephyrus
419 2240 486 2283 sem
510 2241 633 2302 vespere
658 2226 768 2285 missus
791 2225 890 2303 adest,

139 2312 225 2373 Nunc
249 2314 328 2372 sicca
350 2311 464 2390 gelidus
487 2310 592 2371 boreas
616 2310 777 2373 bacchatur
800 2312 835 2373 ab
859 2319 962 2392 arcto,

95 2414 126 2461 30
139 2400 224 2462 Nunc
248 2409 337 2461 nctus
361 2399 481 2460 adversa
504 2397 617 2479 proelia
640 2399 738 2459 1101110
761 2403 855 2479 gerit.

139 2489 249 2549 Rectcr
272 2489 304 2548 in
326 2489 441 2548 incerte
465 2495 510 2548 est
522 2535 532 2568 ‚
554 2504 610 2547 nec
635 2485 706 2565 quid
729 2488 857 2564 fugiatve
880 2493 996 2562 petatve

140 2575 278 2637 invenite
301 2575 445 2654 ambiguis
469 2593 517 2636 ars
541 2581 642 2654 stupet
664 2576 728 2653 ipsa
752 2573 852 2634 malis.

141 2663 261 2725 Scilicet
285 2663 469 2743 occidimus,
495 2680 552 2724 nec
575 2681 644 2742 spes
668 2671 714 2723 est
736 2660 795 2722 ulla
818 2659 943 2745 salutis,

140 2751 276 2830 Dumque
299 2750 428 2830 loquor,
451 2750 549 2812 vultus
573 2750 673 2813 obruit
699 2750 777 2812 unda
800 2767 899 2811 meos.

97 2850 126 2899 35
140 2839 297 2919 Opprimet
318 2838 394 2899 hanc
421 2839 547 2900 animam
575 2838 709 2921 iluctus,
731 2839 901 2919 frustraque
924 2842 1059 2920 precanti

140 2927 199 2988 010
222 2933 379 2988 necaturas
403 2927 582 3005 accipiemus
605 2946 717 3006 aquas.

139 3015 176 3075 At
199 3017 246 3095 pia
269 3014 312 3075 nil
335 3013 413 3075 aliud
437 3031 524 3093 quam
547 3033 595 3075 me
618 3015 699 3076 dolet
720 3016 806 3076 exule
831 3018 976 3077 coniunx:

139 3103 201 3164 llcc
226 3121 319 3164 unum
342 3103 438 3163 nostri
461 3105 576 3182 scitque
600 3106 749 3183 gemitque
773 3103 858 3164 mali.

138 3191 240 3253 Nescit
262 3193 293 3251 in
316 3193 451 3252 inmenso
474 3192 577 3252 iactari
600 3209 725 3271 corpora
749 3200 858 3270 ponto,

98 3288 126 3339 10
139 3279 240 3341 Nescit
263 3281 311 3358 agi
333 3280 451 3359 ventis,
474 3280 570 3340 nescit
592 3278 696 3339 adesse
720 3295 840 3338 necem.

140 3367 163 3428 0
186 3367 285 3447 hene,
309 3367 388 3446 quod
407 3384 466 3428 nen
490 3385 555 3427 sum
575 3384 692 3427 mecum
711 3364 910 3427 conscendere
933 3382 1057 3448 passus,

139 3455 181 3518 Ne
205 3454 279 3515 mihi
301 3473 382 3515 mors
405 3457 514 3514 misero
538 3454 584 3515 bis
606 3454 743 3533 patienda
767 3451 860 3515 101011

140 3545 176 3606 nt
199 3561 301 3624 nunc,
324 3552 523 3623 supeream,
547 3543 686 3620 quoniam
709 3550 791 3603 caret
812 3541 860 3603 illa
882 3541 1011 3621 periclo,
