2386 3892
410 213 432 266 Ι.
452 216 600 265 317-386.

92 377 165 437 Nam
189 384 250 436 sata
273 394 342 435 vere
366 393 441 436 novo
465 378 576 436 teneris
599 376 736 437 lactentia
760 379 839 438 sucis

137 465 228 525 Eruta
253 466 413 541 saetigerae
438 466 583 542 comperit
606 483 657 525 ore
682 468 760 525 sule.

93 553 150 614 Sus
174 552 294 612 dederat
318 570 449 629 poenas:
482 552 615 630 exemplo
639 556 762 613 territus
786 552 875 613 huius

135 641 257 700 Palmite
281 639 426 700 debueras
450 639 650 721 abstinuisse,
674 659 778 719 caper.

46 743 76 791 55
93 730 187 800 Quem
211 735 347 807 spectans
371 728 476 805 aliquis
500 727 604 788 dentes
627 730 658 788 in
681 732 739 788 vite
762 736 963 812 prementem,

137 817 216 876 Talia
240 834 299 875 non
322 818 411 875 tacito
435 816 512 875 dicta
536 814 636 876 dolore
660 815 758 877 dedit:

94 902 215 983 ‘Rode,
240 921 349 982 caper,
372 903 483 964 vitem!
516 912 613 964 tamen
637 903 728 985 hinc,
752 923 819 965 curn
843 905 934 966 stabis

228 1041 231 1046 .
639 993 797 1073 adaram,

136 1081 169 1141 ln
193 1090 243 1141 tua
268 1079 346 1158 quod
371 1083 469 1160 spargi
492 1099 602 1141 cornua
625 1085 740 1162 possit,
764 1077 853 1143 erit.'

92 1167 186 1228 Verba
209 1169 282 1228 fides
306 1170 463 1245 sequitur:
496 1187 588 1229 noxae
612 1170 665 1229 tibi
689 1169 806 1230 deditus
829 1170 922 1231 bostis

46 1270 77 1318 50
139 1258 294 1336 Spargitur
317 1257 420 1316 adluso
444 1275 576 1337 cornua,
599 1257 713 1317 Racche
726 1305 735 1336 ,
760 1276 857 1318 mero.

93 1345 182 1423 Culpa
207 1349 254 1405 sui
277 1348 379 1405 nocuit
392 1393 401 1425 ,
425 1347 528 1405 nocuit
551 1362 668 1423 quoque
692 1345 777 1423 culpa
801 1344 945 1424 capellae:

136 1432 212 1502 Quid
236 1433 290 1493 bos
303 1479 312 1512 ,
336 1432 405 1511 quid
430 1433 560 1511 placidae
584 1434 800 1493 commeruistis
825 1430 920 1494 oves?

92 1521 193 1581 Flebat
216 1523 391 1600 Aristaeus,
415 1520 492 1599 quod
517 1538 587 1600 apes
610 1538 678 1581 cum
702 1522 794 1599 stirpe
818 1527 935 1582 necatas

138 1608 256 1669 Viderat
279 1611 415 1685 inceptos
439 1608 608 1669 destituisse
632 1609 729 1669 favos.

46 1709 76 1756 55
92 1695 214 1756 Caerula
239 1715 326 1774 quem
351 1698 485 1774 genetrix
509 1714 595 1776 aegre
618 1697 709 1757 solata
733 1695 898 1779 dolentem,

136 1785 255 1844 Addidit
278 1784 351 1844 baec
375 1784 462 1844 dictis
485 1785 587 1845 ultima
608 1785 697 1846 verba
721 1787 800 1846 suis:

93 1869 209 1952 ‘Siste,
233 1891 307 1951 puer
320 1920 329 1952 ,
353 1871 504 1933 lacrimas!
537 1873 661 1933 Proteus
685 1881 735 1933 tua
756 1873 861 1933 damna
884 1873 1006 1956 levabit,

136 1961 260 2038 Quoque
284 1961 370 2020 modo
394 1978 514 2038 repares
537 1980 611 2039 quae
635 1963 751 2040 periere
764 2009 773 2040 ,
797 1961 896 2023 dabit.

92 2048 224 2127 Decipiat
248 2067 284 2108 ne
309 2059 338 2108 te
361 2051 455 2109 versis
479 2057 576 2110 tamen
599 2048 647 2108 ille
671 2050 791 2129 figuris,

46 2149 78 2196 io
137 2136 300 2213 Impediant
323 2139 453 2214 geminas
477 2137 592 2197 vincula
615 2137 698 2196 drma
722 2129 860 2197 manus?

91 2224 229 2284 Pervenit
253 2224 287 2283 ad
311 2232 407 2283 vatem
431 2227 567 2302 iuvenis,
590 2223 778 2302 resolutaque
802 2242 905 2285 somno

135 2311 239 2388 diligat
262 2313 403 2389 aequorei
427 2310 545 2371 brachia
569 2319 652 2388 capta
676 2314 772 2371 senis.

92 2399 141 2459 llle
165 2418 218 2459 sua
240 2400 344 2459 lactem
369 2399 554 2459 transformis
577 2396 723 2458 adulterat
745 2405 825 2458 arte:

136 2487 200 2546 Mox
225 2487 354 2547 domitus
378 2486 482 2547 vinclis
505 2489 535 2546 in
559 2504 611 2545 sua
635 2484 766 2546 membra
790 2484 884 2565 redit,

46 2588 76 2635 75
92 2575 209 2652 Oraque
234 2575 368 2636 caerulea
392 2574 498 2634 tollens
521 2576 650 2635 rorantia
674 2572 781 2653 barba,

137 2659 232 2732 ‘Qua'
256 2664 329 2724 dixit
352 2659 488 2742 ‘repares
512 2671 596 2743 arte,
619 2663 769 2741 requiris,
793 2657 889 2741 apes?

90 2751 190 2811 Obrue
214 2754 332 2811 mactati
355 2770 464 2828 corpus
487 2751 593 2812 tellure
616 2753 750 2812 iuvenci:

118 2839 219 2909 ‚Quod
244 2842 320 2916 petis
344 2859 360 2900 a
383 2839 468 2898 nobis
481 2887 490 2919 ,
514 2838 638 2899 obrutus
661 2839 709 2899 ille
733 2832 847 2900 dabit.'

90 2928 173 2988 lussa
197 2928 266 2987 iacit
287 2936 409 3006 pastor.
451 2928 567 2988 servent
589 2930 720 2988 examina
743 2929 824 3007 putri

46 3029 74 3075 30
133 3015 174 3075 De
199 3014 294 3075 bove:
326 3015 405 3075 mille
428 3017 539 3075 animas
562 3034 620 3076 una
644 3024 746 3077 necata
769 3014 867 3074 dedit.

89 3103 188 3163 Poscit
211 3122 294 3164 ovem
319 3105 434 3164 latum:
465 3104 608 3164 verbenas
632 3102 763 3181 improba
788 3101 915 3179 carpsit,

134 3191 212 3261 Quas
236 3194 282 3270 pia
307 3192 351 3251 dis
374 3193 454 3251 ruris
477 3192 556 3251 serre
580 3191 691 3250 solebat
714 3205 804 3248 anus.

89 3278 164 3347 Quid
189 3283 245 3339 tuti
269 3286 427 3358 superest,
450 3282 575 3339 animam
599 3294 666 3336 oum
690 3281 779 3352 ponat
802 3275 832 3334 in
855 3276 915 3334 aris

133 3367 370 3445 Lanigerumque
394 3385 486 3444 pecus
509 3363 713 3440 ruricolaeque
737 3357 852 3422 boves?

46 3468 73 3515 35
89 3455 188 3515 Plaeat
211 3473 288 3533 equo
311 3455 410 3514 Persis
434 3453 523 3513 radiis
546 3450 712 3528 Hyperiona
737 3451 884 3531 cinctum,

133 3542 175 3602 Ne
200 3542 287 3602 detur
311 3541 401 3600 celeri
424 3542 539 3599 victima
562 3537 645 3598 tarda
669 3538 741 3600 deo.
