2386 3892
91 210 157 275 224
495 207 692 260 onerosum

182 377 263 448 Quae
287 373 378 435 semel
401 380 447 434 est
469 372 580 451 triplici
602 389 656 450 pro
680 372 793 448 virgine
817 388 903 432 caesa
925 369 1052 451 Dianae,

224 464 309 524 Nunc
334 479 452 541 quoque
475 478 529 539 pro
553 459 632 520 nulla
655 461 769 538 virgine
793 476 879 520 cerva
903 459 997 520 cadit.

181 551 255 611 Exta
279 568 385 611 cansam
408 549 466 610 vidi
490 549 605 608 Triviae
628 546 720 608 libare
745 547 892 628 Sapaeos,

116 653 167 702 000
226 639 264 699 Et
288 641 467 717 quicumque
491 644 557 696 tuas
580 635 707 717 accolit,
730 634 862 715 Haemo,
885 637 990 696 nives.

183 726 321 788 Caeditur
345 734 375 786 et
397 724 492 804 rigido
516 723 633 784 custodi
655 726 735 784 ruris
759 723 888 805 asellus3

226 815 320 877 Causa
343 812 480 893 pudenda
503 811 646 892 quidem,
669 812 721 872 sed
744 819 842 872 tamen
865 819 934 891 apta
957 812 1028 873 deo.

182 903 270 964 Festa
293 901 482 981 corymbiferi
506 899 675 961 celebrabas
698 898 820 960 Graecia
842 899 968 981 Baeebi,

228 992 328 1051 Tertia
352 1008 426 1068 quae
451 988 536 1048 solito
560 996 693 1066 tempore
716 987 822 1048 bruma
840 988 956 1050 refert.

118 1078 217 1140 3001li
242 1096 360 1157 quoque
384 1077 514 1136 cultores
536 1079 568 1136 in
591 1075 668 1135 idem
692 1093 800 1136 venere
823 1075 929 1156 Lyaei,

229 1166 267 1226 Et
290 1169 469 1244 quicumque
492 1166 566 1225 iocis
589 1181 648 1223 non
671 1163 785 1224 alienus
808 1172 890 1226 erat:

187 1254 281 1314 Panes
305 1256 388 1314 etin
414 1252 555 1313 Venerem
580 1259 747 1331 satyrorum
769 1269 864 1331 prona
886 1253 1039 1330 iuventus,

229 1343 370 1421 Quaeque
394 1341 495 1401 colunt
518 1358 619 1400 amnes
642 1340 763 1419 solaque
784 1358 856 1401 rura
880 1340 969 1402 deae.

185 1430 313 1491 Venerat
336 1439 366 1491 et
389 1432 489 1490 senior
511 1428 607 1509 pando
632 1427 749 1489 Silenus
772 1426 881 1510 asello,

118 1531 170 1579 400
229 1519 344 1599 Quique
368 1518 460 1578 ruber
482 1516 600 1595 pavidas
622 1519 744 1594 inguine
766 1524 862 1577 terret
883 1533 969 1578 aves.

185 1607 287 1667 Dulcia
311 1609 362 1684 qui
385 1605 506 1684 dignum
529 1622 635 1664 nemus
657 1607 688 1664 in
712 1606 845 1666 convivia
866 1606 946 1666 nacti

228 1694 365 1754 Gramine
389 1695 502 1753 vestitis
525 1692 691 1753 accubuere
716 1695 806 1753 toris,

185 1781 257 1842 Vina
281 1781 367 1841 dabat
389 1780 501 1861 Liber,
524 1780 633 1842 tulerat
655 1779 712 1840 sibi
735 1783 863 1860 quisque
886 1796 1038 1860 coronam,

229 1868 395 1929 Miscendas
418 1868 497 1947 large
520 1871 601 1929 rivus
625 1867 728 1946 agebat
750 1886 860 1947 aquas.

120 1968 171 2018 405
185 1957 293 2017 Naides
317 1958 417 2017 ellusis
441 1956 515 2017 aliae
538 1959 603 2016 sine
626 1958 752 2036 pectinis
772 1974 850 2037 usu,
883 2029 885 2032 ⁸

230 2044 301 2104 Pars
325 2044 446 2105 aderant
468 2047 573 2123 positis
595 2053 658 2105 arte
681 2061 830 2123 manuque
853 2045 961 2106 comis.

185 2133 236 2194 llla
260 2151 349 2211 super
373 2149 458 2192 suras
480 2135 609 2193 tunicam
634 2131 755 2192 collecta
778 2134 925 2194 ministrat
932 2177 942 2211 ‚

230 2221 328 2281 Altera
352 2220 466 2280 dissuto
490 2228 595 2298 pectus
613 2227 714 2299 aperta
738 2222 823 2282 sinu.

186 2308 288 2369 Exerit
310 2308 382 2369 baec
407 2327 564 2388 umerum,
588 2316 698 2368 vestem
722 2307 813 2368 trabit
833 2306 883 2369 illa
903 2324 956 2386 per
979 2303 1077 2379 herbas,

121 2409 171 2457 410
230 2397 398 2477 Impediunt
421 2404 541 2456 teneros
563 2395 679 2456 vincula
702 2395 781 2456 nulla
804 2396 913 2475 pedes.

187 2485 262 2545 Hinc
286 2486 358 2546 aliae
382 2487 488 2564 satyris
511 2483 646 2544 incendia
669 2485 751 2544 mitia
774 2483 936 2566 praebent3

231 2574 302 2634 Pars
326 2573 380 2635 tibi
393 2620 402 2654 ‚
426 2575 477 2651 qul
499 2575 571 2650 pinu
595 2581 728 2649 tempora
750 2589 826 2633 nexa
848 2574 947 2651 geris.

232 2748 369 2826 Nequitia
392 2757 438 2809 est
451 2795 459 2828 ‚
483 2766 557 2826 quae
581 2756 610 2808 te
634 2765 693 2808 non
717 2749 788 2809 sinit
809 2766 876 2809 esse
900 2765 1014 2809 senem.

122 2844 172 2896 410
188 2836 226 2894 dt
249 2834 361 2915 ruber,
385 2836 540 2896 hortorum
564 2836 655 2897 decus
678 2844 709 2896 et
731 2833 823 2897 tutela
836 2881 845 2916 ,
868 2836 993 2915 Priapus

232 2922 375 2983 Omnibus
400 2943 435 2984 ex
458 2924 516 2984 illis
538 2922 642 2984 Lotide
666 2933 768 3003 captus
791 2931 873 2987 erat.

188 3011 270 3071 Hanc
294 3013 398 3091 recipit,
421 3011 496 3072 banc
520 3018 622 3093 optat,
646 3012 708 3072 sola
730 3014 860 3090 suspirat
882 3014 915 3074 in
937 3011 984 3073 illa
991 3058 1000 3092 ,

232 3100 378 3178 Signaque
403 3099 451 3158 dat
474 3107 571 3180 nutu,
595 3100 789 3178 sollicitatque
813 3102 910 3163 notis.

187 3188 292 3248 Fastus
316 3191 394 3248 inest
413 3187 564 3268 pulchris,
588 3190 783 3266 sequiturque
802 3187 943 3268 superbla
964 3186 1073 3247 lernau:

122 3286 172 3335 400
230 3275 354 3336 lrrisum
377 3275 457 3336 voltu
481 3275 607 3354 despicit
629 3275 677 3336 illa
699 3293 771 3336 suo.

187 3362 250 3422 Nox
275 3372 338 3424 erat
350 3410 358 3443 ‚
383 3371 413 3424 et
435 3365 503 3423 vino
526 3381 662 3424 somnum
685 3365 811 3424 iaciente
834 3363 968 3427 iacebant

234 3449 363 3529 Corpora
387 3451 511 3511 dirersis
533 3454 609 3511 victa
633 3469 738 3530 sopore
762 3452 851 3513 locis.

189 3532 270 3595 Lotis
293 3539 323 3596 in
346 3537 472 3599 herbosa
496 3537 550 3599 sub
574 3541 689 3600 acernis
712 3539 815 3600 ultima
838 3540 946 3613 ramis,
