2386 3892
392 179 427 229 ΙΙ.
446 189 516 230 vum
531 182 623 231 sss-x
637 182 680 230 52.
975 175 1038 241 163

170 341 321 402 diversum
346 343 478 420 quamvis
500 343 627 420 quisque
651 360 811 421 sequamur
833 344 909 403 iter:

123 431 256 500 Orsorum
285 439 314 490 le
343 447 525 509 memorem,
549 448 725 509 quamquam
749 431 853 510 procul
878 429 1038 511 absumus,

668 537 733 578 esse

74 617 108 667 20
168 605 331 685 Suspicor,
356 612 385 665 et
409 624 494 666 casus
518 605 591 666 velle
614 605 710 666 levare
734 624 833 666 meos.

122 694 163 754 'le
187 694 261 754 duee
285 694 454 773 magnificas
477 695 562 754 Asiae
584 696 791 773 perspeximus
814 692 921 757 urbes:

166 781 316 842 Trinacris
340 789 386 841 esl
409 781 503 841 oeulis
526 790 555 841 le
579 781 653 841 duce
678 790 746 841 nota
770 784 862 841 meis.

124 869 253 929 Vidimus
276 870 405 929 Aetnaea
429 869 542 930 eaelum
565 869 772 949 splendescere
795 869 928 950 damma,

168 957 348 1036 subpositus
372 959 464 1017 monti
487 975 574 1037 quam
598 959 688 1017 vomit
711 975 762 1017 ore
785 959 906 1035 gigans:

76 1058 107 1106 25
122 1045 337 1124 Hennaeosque
361 1045 442 1105 laeus
465 1053 496 1105 et
518 1045 625 1105 olentis
648 1054 750 1123 stagna
773 1043 881 1125 Palici,

167 1133 289 1211 Quaque
314 1134 377 1194 suis
401 1133 517 1212 Cyanen
542 1136 647 1194 miscet
668 1134 789 1212 Anapus
812 1135 914 1212 aquis,

123 1221 183 1282 Neo
210 1222 314 1302 procul
339 1221 408 1282 hine
432 1220 557 1301 nympha
581 1229 650 1301 est,
677 1238 775 1299 quae,
801 1219 872 1280 dum
897 1221 973 1298 lugit

669 1307 762 1368 Elidis
784 1325 917 1387 amnem,

167 1398 257 1458 l'eela
281 1397 337 1458 sub
361 1415 506 1477 aequorea
529 1415 609 1457 nunc
632 1413 751 1475 quoque
774 1397 868 1456 currit
890 1413 981 1474 aqua.

123 1482 177 1546 llic
201 1485 273 1546 mihi
295 1485 422 1547 labentis
445 1504 514 1566 pars
537 1488 606 1546 anui
629 1502 731 1563 magua
756 1490 875 1563 peraeta
897 1492 960 1544 est.

77 1586 109 1634 30
168 1572 269 1635 Eheu!
298 1592 387 1653 quem
409 1573 509 1653 dispar
532 1581 579 1634 est
600 1573 684 1634 loeus
707 1571 755 1632 ille
779 1568 881 1632 Gesisl

124 1661 161 1721 Et
184 1671 273 1740 quota
292 1678 361 1740 pars
380 1661 452 1722 haee
471 1670 541 1723 sunt
560 1678 682 1740 rerum,
702 1678 775 1741 quas
793 1659 920 1721 vidimus
938 1659 1040 1741 ambo,

168 1748 211 1810 Te
235 1749 307 1810 mihi
330 1750 474 1810 iucundas
496 1749 644 1810 efficiente
666 1748 745 1810 vias!

126 1837 186 1897 Seu
209 1846 271 1898 rate
295 1838 446 1899 caeruleas
469 1839 547 1916 pieta
570 1836 747 1899 sulcavimus
769 1837 863 1898 undas
871 1885 881 1920 ,

169 1923 280 1986 Esseda
303 1944 358 1987 nos
380 1925 448 2007 agili
471 1927 532 1986 sive
556 1925 651 1986 tulere
674 1933 756 1988 rota:

78 2025 110 2075 35
127 2012 219 2092 Saepe
243 2013 342 2074 brevis
365 2014 451 2075 nobis
474 2013 588 2077 vicibus
610 2016 656 2074 via
678 2016 739 2075 visa
762 2013 920 2094 loquendi:

169 2101 338 2181 Pluraque,
361 2103 388 2162 si
410 2120 549 2163 numeres
561 2150 571 2183 ,
594 2101 682 2163 verba
706 2103 789 2163 luere
812 2101 924 2181 gradu

128 2188 220 2268 Saepe
244 2190 307 2250 dies
330 2208 467 2251 sermone
489 2193 586 2252 minor
609 2191 683 2270 luit3
705 2192 796 2267 inque
818 2188 998 2268 loquendum

170 2276 265 2338 Tarda
288 2296 343 2357 per
365 2281 491 2339 aestivos
514 2277 609 2338 deluit
630 2277 702 2336 hora
726 2277 806 2336 dies.

127 2363 181 2426 Est
203 2366 334 2446 aliquid,
357 2384 444 2427 casus
467 2368 579 2445 pariter
601 2365 736 2424 timuisse
759 2365 909 2444 marinos,
998 2375 1042 2427 uo)

81 2466 115 2513 40
174 2452 335 2533 iunctaque
359 2454 393 2514 ad
418 2470 581 2532 aequoreos
605 2460 670 2511 vols
692 2449 796 2510 tulisse
819 2447 908 2511 deos:

126 2540 164 2602 Et
187 2541 273 2602 modo
296 2560 346 2602 res
368 2544 464 2622 egisse
488 2540 575 2602 simul
588 2588 598 2620 ,
620 2537 706 2599 modo
730 2553 835 2597 rursus
859 2534 975 2597 abillis

172 2629 305 2700 Quorum
328 2648 387 2690 non
410 2629 541 2711 pudeat,
564 2645 651 2707 posse
674 2626 787 2687 reierre
811 2626 909 2685 iocos.

127 2716 205 2777 Haec
228 2717 283 2778 ubi
307 2736 374 2778 cum
398 2716 545 2797 subeant,
568 2715 662 2777 absim
684 2714 774 2796 lieet,
797 2713 935 2775 omuibus
957 2716 1042 2776 aunis

172 2804 246 2866 Ante
269 2813 337 2866 suos
360 2805 463 2867 oculos
475 2852 484 2886 ,
507 2813 542 2865 ut
564 2803 650 2864 modo
674 2807 778 2884 visus,
801 2821 870 2865 ero.

79 2906 112 2954 45
127 2892 193 2973 lpse
217 2894 354 2973 equidem
378 2902 459 2955 certe
482 2911 550 2954 eum
573 2894 628 2953 sim
652 2891 708 2954 sub
731 2892 850 2953 cardine
873 2890 993 2972 muudi,

172 2982 230 3053 Qui
254 3000 371 3062 semper
393 2982 513 3061 liquidis
536 2979 623 3040 altior
646 2990 725 3042 extat
748 2983 850 3060 aquis,

128 3070 169 3130 Te
194 3078 292 3130 tamen
316 3074 433 3130 intueor
457 3087 515 3148 quo
538 3067 600 3130 solo
623 3078 743 3149 pectore
766 3068 905 3146 possum,

172 3158 210 3219 Et
233 3167 333 3219 tecum
355 3157 451 3237 gelido
474 3175 562 3237 saepe
585 3157 641 3218 sub
664 3175 717 3217 axe
731 3155 861 3232 loquor.

127 3246 181 3307 llic
206 3264 261 3327 es,
284 3255 313 3306 et
335 3248 475 3326 ignoras3
498 3254 528 3306 et
551 3246 620 3305 ades
643 3242 854 3304 celeberrimus
876 3233 1001 3295 absens:

83 3346 114 3395 50
173 3334 266 3413 Inque
290 3334 377 3394 Getas
401 3333 496 3394 media
519 3335 618 3393 iussus
641 3330 676 3390 ah
700 3326 779 3386 Urbe
802 3325 902 3383 venis.

128 3422 229 3482 Redde
254 3424 369 3501 vicem,
393 3429 423 3481 et
435 3467 445 3500 ‚
468 3421 607 3499 quoniam
629 3416 711 3492 regio
734 3411 848 3472 felicior
870 3412 926 3472 isla
948 3418 1011 3489 est,

173 3510 242 3570 lslio
266 3527 313 3569 me
337 3510 461 3569 memori
484 3513 604 3585 pectore
627 3516 743 3578 semper
767 3498 848 3560 habe.

832 3597 885 3655 11*
