2386 3892
151 176 216 241 272
558 176 751 228 russonum

284 340 408 402 Nomine
432 348 543 401 mutato
568 356 656 401 causa
678 340 771 401 relata
792 357 858 400 mea
879 349 946 402 est:

240 429 264 491 0
288 432 400 491 utinam
424 447 490 489 mea
512 446 600 509 sors,
624 446 680 508 qua
704 430 834 507 primum
857 435 1018 510 coeperat,
1040 430 1128 509 isset,

285 517 404 596 lamque
428 535 482 596 ego
506 517 655 595 praesenti
678 524 812 596 tempore
835 514 915 577 nulla
938 514 1050 578 forem!

242 605 319 676 Quid
342 624 389 666 me
413 605 540 666 desertis
562 606 748 685 perituram,
771 602 862 665 Liber
874 652 883 685 ‚
905 602 1027 665 harenis

102 771 106 777 .
172 705 226 755 480
287 690 461 755 Servabas?
491 695 576 772 potui
599 691 765 753 dedoluisse
789 690 897 753 semel.

239 781 353 842 Bacche
376 780 471 861 levis,
494 780 644 860 leviorque
664 783 746 862 tuis,
770 799 844 860 quae
868 789 1003 860 tempora
1021 782 1150 862 cingunt,

285 868 474 950 frondibus,
496 871 527 930 in
550 869 686 929 lacrimas
710 871 826 948 cognite
849 866 963 929 Bacche
987 887 1086 952 meas,

239 958 337 1018 Ausus
361 976 392 1018 es
416 964 483 1018 ante
507 956 608 1018 oculos
631 956 758 1018 adducta
780 957 892 1036 paelice
916 965 1035 1019 nostros
1112 969 1151 1022 (⁹⁵)

285 1044 355 1105 Tam
379 1044 455 1104 bene
479 1046 675 1123 compositum
699 1044 857 1107 sollicitare
880 1040 1011 1106 torum?

174 1143 224 1193 480
239 1131 304 1193 lleu
328 1132 380 1193 ubi
402 1140 486 1212 pacta
509 1129 613 1194 fides?
645 1133 717 1214 ubi,
742 1152 817 1212 quae
840 1135 940 1195 iurare
963 1130 1104 1194 solebas?

283 1221 330 1282 Me
353 1222 675 1300 miseram,quotiens
698 1221 770 1283 haec
795 1240 848 1300 ego
872 1219 961 1281 verba
984 1217 1113 1300 loquar?

239 1306 355 1369 Thesea
377 1309 538 1390 culpabas,
561 1308 752 1389 fallacemque
775 1312 839 1389 ipse
862 1306 1006 1393 vocabas3

283 1397 396 1458 ludicio
419 1415 525 1476 peccas
548 1399 665 1476 turpius
688 1400 752 1477 ipse
776 1407 844 1458 tuo.

240 1485 282 1546 Ne
307 1488 380 1547 sciat
402 1485 459 1547 boo
483 1487 660 1566 quisquam,
683 1487 840 1566 tacitisque
864 1483 1016 1547 doloribus
1040 1503 1125 1567 urar,

174 1584 226 1635 400
285 1573 328 1634 Ne
353 1575 461 1635 totiens
485 1573 546 1635 falli
568 1575 655 1653 digna
678 1575 770 1635 fuisse
792 1582 901 1653 puter.

240 1660 402 1740 Praecipue
426 1664 543 1742 cupiam
566 1661 656 1722 celari
679 1661 813 1743 Thesea,
836 1669 927 1723 nete

285 1749 460 1810 Consortem
483 1750 593 1829 culpae
609 1749 735 1828 gaudeat
758 1768 823 1811 esse
847 1766 935 1810 suae.

241 1835 279 1896 Ut
297 1845 391 1916 puto,
414 1840 581 1916 praeposita
600 1849 646 1898 est
669 1839 769 1899 fuscae
787 1836 859 1899 mihi
882 1834 1006 1899 candida
1028 1832 1151 1917 paelex?

283 1923 406 1984 Eveniat
429 1927 538 1985 nostris
562 1925 698 1986 hostibus
721 1925 769 1987 ille
793 1923 891 1987 color!
1013 1928 1017 1936 '

173 2023 225 2073 495
241 2012 317 2082 Quid
341 2019 438 2071 tamen
462 2012 518 2073 hoc
541 2010 664 2074 refert?
696 2016 766 2076 vitio
789 2013 843 2074 tibi
865 2015 977 2093 gratior
1004 2014 1070 2092 ipso
1094 2022 1149 2074 est.

285 2099 362 2169 Quid
386 2096 489 2161 facis?
521 2099 672 2180 amplexus
695 2104 831 2181 inquinat
853 2100 902 2162 illa
924 2109 1011 2162 tuos.

238 2186 375 2266 Bacche,
398 2188 487 2249 fidem
509 2197 649 2270 praesta,
675 2207 730 2251 nec
754 2191 871 2268 praefer
893 2187 1044 2251 amoribus
1068 2186 1149 2251 ullam

284 2274 444 2355 Coniugis.
487 2277 606 2337 adsuevi
630 2295 747 2356 semper
771 2295 869 2338 amare
891 2280 1007 2339 virum.

240 2362 403 2443 [Ceperunt
425 2374 549 2427 matrem
573 2366 695 2426 formosi
718 2383 830 2427 cornua
852 2367 949 2446 tauri,

174 2464 225 2514 500
283 2452 329 2512 Me
352 2461 425 2515 tua:
457 2472 504 2514 me
528 2452 638 2532 laedit,
661 2452 710 2514 ille
733 2453 890 2533 pudendus
913 2451 1028 2532 amor.]

240 2540 296 2617 [Ne
320 2550 447 2622 noceat,
470 2541 548 2620 quod
572 2559 658 2603 amo.
700 2559 797 2621 neque
821 2544 900 2604 enim
925 2540 1002 2623 tibi,
1025 2540 1148 2614 Bacche,

784 2628 927 2710 nocebat,

284 2715 368 2786 Quod
392 2718 523 2778 flammas
546 2716 631 2778 nobis
654 2718 750 2778 fassus
775 2736 806 2779 es
829 2720 893 2798 ipse
917 2716 1015 2796 tuas.]

242 2802 338 2882 [Nec,
362 2805 439 2882 quod
464 2824 518 2866 nos
541 2808 605 2866 uris
618 2850 628 2886 ,
655 2808 763 2867 mirum
792 2808 885 2868 facis.
927 2815 1012 2879 ortus
1035 2808 1067 2867 in
1089 2807 1148 2884 igne

284 2889 419 2972 Diceris,
443 2901 473 2953 et
495 2895 590 2972 patria
614 2903 715 2972 raptus
739 2893 775 2955 ab
797 2896 866 2973 igne
887 2892 1009 2971 manu]

175 2977 292 3041 0001110
315 2997 369 3058 ego
394 2998 481 3060 sum,
505 2983 554 3041 cui
577 2989 610 3042 tu
634 2982 738 3044 solitus
760 2985 935 3062 promittere
958 2981 1089 3044 caelum.
1112 2992 1148 3043 00

282 3067 318 3128 Ei
342 3067 435 3148 mihi,
457 3086 511 3147 pro
536 3068 615 3129 caelo
640 3069 736 3148 qualia
760 3070 835 3131 dona
858 3064 957 3132 ferol’

238 3155 377 3217 Dixerat.
419 3155 539 3218 audibat
560 3157 731 3219 iamdudum
753 3158 842 3219 verba
865 3160 1020 3238 querentis

281 3243 391 3324 Liber,
415 3254 449 3306 ut
471 3264 488 3305 a
511 3253 594 3325 tergo
618 3246 694 3308 forte
718 3255 839 3308 secutus
862 3255 943 3310 erat.

239 3330 371 3411 Occupat
393 3332 551 3412 amplexu,
574 3332 768 3413 lacrimasque
792 3353 845 3414 per
868 3335 970 3397 oscula
993 3336 1098 3413 siccat,

173 3427 223 3478 510
282 3417 320 3480 Et
344 3416 471 3499 ‘pariter
495 3422 567 3482 caeli
590 3439 703 3485 summa
726 3432 862 3501 petemus
876 3418 900 3484 l’
933 3425 976 3486 ait

239 3499 300 3565 ‘Tu
324 3507 396 3567 mihi
414 3510 514 3570 iuncta
538 3519 603 3570 toro
627 3510 697 3571 milri
721 3512 820 3572 iuncta
843 3510 985 3572 vocabula
1007 3526 1119 3588 sumes3
