2386 3892
18 23 434 36 -.—-——.-.-—

141 248 228 303 XXIV

140 414 209 473 libri
232 415 352 472 secundi
370 414 530 492 quidquam
548 414 778 474 dinumerationi
799 416 920 473 nostrae
939 413 1041 473 obstat
1062 429 1148 488 praa·

140 506 186 562 ter
209 502 336 561 disticha
360 521 377 561 1
395 503 531 562 Bentleio
549 503 613 561 iure
632 503 744 579 optimo
763 503 880 570 abiecta
896 501 928 560 Π
945 515 969 560 v
989 502 1028 560 67
1051 501 1093 559 68
1117 501 1147 558 11

140 591 171 648 ΙΙ
193 603 230 649 VI
250 592 291 649 23
317 592 367 649 24.
421 591 573 666 inscriptio
597 591 667 650 libri
688 590 772 651 tertii
795 589 910 650 adiecta
932 588 991 647 fuit
1013 587 1046 646 in
1068 587 1147 646 calca

140 699 167 754 p.
183 669 269 758 (71),
296 681 331 736 ut
354 677 519 756 Georgicon
546 679 656 755 scripta
680 682 725 738 est
746 679 777 737 in
799 682 933 738 extrema
954 676 1066 754 pegma
1087 675 1146 734 Bu·

141 766 254 825 colicon
284 766 391 825 codicis
418 766 555 826 Medicei:
586 766 622 825 da
651 786 708 843 quo
740 767 930 842 antiquorum
956 764 1147 824 librariorum

141 873 196 913 usu
225 854 467 914 commemoravit
493 854 700 914 Lachmannus
728 856 766 914 ad
793 855 880 913 Luar.
908 874 936 929 p.
962 855 1012 913 72.
1068 852 1146 928 capi·

142 943 205 1001 tula
228 943 383 1019 archetypi
401 942 573 1002 Lucretiani
595 944 638 1002 ita
656 944 820 1003 adhaerent
837 942 954 1018 paginis
975 943 1050 1015 159,
1075 943 1146 1014 194,

142 1033 219 1090 263;
251 1031 405 1105 inscriptio
436 1028 631 1092 nassanmo
658 1031 690 1090 in
717 1030 938 1106 Hamburgensi
961 1029 1046 1089 Pont.
1068 1027 1100 1086 H
1122 1040 1147 1086 II

142 1118 241 1177 versui
268 1118 298 1176 II
325 1130 338 1176 I
367 1120 422 1194 68,
457 1130 576 1179 111010
604 1119 635 1177 II
653 1132 732 1179 VIIII
759 1122 801 1178 80
829 1118 952 1177 adiecta.
1015 1108 1145 1196 p.'(72)

141 1209 240 1281 inepte
282 1207 496 1266 resarcinatum
533 1208 643 1266 habere
684 1207 802 1267 videtur
837 1210 1022 1282 postremum
1063 1203 1145 1264 disti·

142 1296 223 1354 chon.
280 1315 308 1370 p.
324 1286 395 1375 (76)
430 1295 590 1355 manifesta
621 1299 692 1354 sunt
718 1295 922 1354 additamenta
950 1294 1024 1368 duo,
1056 1293 1146 1352 inter·

140 1383 285 1458 polatorir
317 1384 488 1443 recentioris
518 1387 690 1459 utrumque,
723 1402 741 1442 a
768 1383 880 1441 Kornio
912 1385 993 1441 recte
1024 1381 1145 1441 seclusa

140 1491 168 1546 p.
193 1465 264 1552 (78)
289 1471 371 1529 IIII
396 1475 457 1532 143
490 1474 552 1532 144
575 1472 715 1531 Heinsius
743 1474 775 1530 et
797 1471 848 1530 alii
872 1472 1090 1545 expunxerunt,
1117 1468 1146 1526 in

140 1580 169 1635 p.
189 1552 262 1639 (79)
295 1563 428 1617 extrema
458 1561 565 1619 lacuna
601 1561 751 1635 suppleta,
788 1560 866 1635 quod
898 1558 1029 1617 Kornius
1059 1557 1144 1616 intel·

141 1647 221 1705 texit.
277 1647 367 1705 etiam
395 1650 527 1707 extrema
553 1667 581 1722 p.
598 1642 690 1725 (102)
718 1665 793 1723 quae
822 1647 1045 1721 circumscripte
1073 1645 1144 1722 dadi,

142 1735 255 1793 habent
286 1734 416 1792 insubidi
443 1735 571 1794 multum
600 1738 632 1794 et
657 1736 857 1811 incompositi,
888 1753 942 1793 nec
969 1733 1145 1793 mutaverim

141 1823 291 1881 iudicium.
344 1822 377 1880 in
403 1822 470 1881 ahia
501 1822 632 1882 eiusdem
658 1823 691 1881 in
716 1823 832 1900 paginis
855 1823 924 1898 loci,
952 1815 1039 1902 (78),
1068 1815 1143 1898 (81),

145 1904 217 1991 (91)
233 1910 380 1969 cancellos
393 1911 517 1986 removi,
536 1915 589 1969 aut
603 1911 737 1970 sublatos
750 1911 853 1970 velim:
876 1912 907 1968 in
921 1909 1020 1968 media
1032 1930 1063 1986 p.
1077 1901 1141 1989 (90)

141 1998 239 2057 nascio
268 2016 325 2072 quo
354 2016 453 2057 errore
480 1999 558 2058 illati
585 1998 652 2058 sint.
706 1999 821 2075 reliqua
848 1999 947 2057 omnia
970 1997 1141 2058 examussim
1183 2000 1185 2005 '

142 2087 309 2146 collineant.

230 2174 304 2232 Post
317 2194 344 2249 p.
361 2165 454 2255 (110)
475 2193 550 2251 quae
569 2177 685 2234 restant
701 2175 828 2250 paginae
846 2188 957 2234 XXXVI
975 2176 1140 2233 lacunarum

142 2263 277 2320 finalium
304 2263 517 2337 supplementis
546 2264 618 2322 satis
648 2263 813 2322 manifestis
842 2266 872 2321 et
901 2263 1010 2337 ineptis
1034 2262 1139 2321 duobus

142 2351 204 2408 IIII
227 2363 306 2409 vIIII
331 2353 371 2410 94
397 2352 437 2410 95
462 2355 552 2409 etxv
568 2353 609 2411 34
633 2351 732 2408 dirimi
755 2354 845 2426 atque
867 2350 936 2408 inde
958 2351 1085 2427 paginas
1104 2348 1139 2407 di

142 2438 307 2496 metiendas
339 2439 492 2513 putabam.
545 2439 575 2496 in
603 2439 720 2514 paginis
752 2431 847 2519 (111)
869 2439 908 2496 ad
931 2433 1026 2519 (128)
1059 2454 1139 2496 unum

142 2528 288 2586 distichon
316 2526 460 2585 abundat:
488 2527 641 2586 Bentleins
664 2527 727 2584 IIII
750 2540 827 2586 VIIII
852 2529 892 2585 25
919 2529 959 2585 26
983 2525 1139 2586 tollendum

142 2617 281 2690 putabat,
305 2634 362 2689 quo
387 2615 504 2674 sublato
527 2634 581 2673 neo
604 2615 783 2689 proximum,
807 2633 900 2690 aeque
923 2615 1043 2674 fatuum
1065 2617 1095 2672 11
1109 2630 1139 2671 ax

142 2704 224 2762 Fast.
255 2703 271 2759 I
301 2706 341 2762 82
376 2703 519 2776 effictum,
552 2705 687 2778 perstare
715 2703 835 2777 poterit.
889 2721 994 2762 versus
1024 2702 1139 2780 pagum

143 2791 200 2849 duo
225 2791 355 2864 supremi
378 2790 518 2866 suppleti,
541 2791 670 2848 alterum
688 2789 836 2850 distichon
858 2791 984 2866 posthac
1002 2791 1140 2850 adiectum

142 2878 269 2937 videtur.
324 2878 434 2952 pagina
465 2878 599 2951 proxima
629 2882 853 2954 pentametrum
880 2882 961 2938 certe
994 2879 1138 2938 suffectum

142 2966 260 3041 habuit,
289 2964 433 3041 siquidem
464 2983 543 3041 popa
570 2970 622 3026 aut
649 2967 822 3042 cultrarius,
850 2985 909 3026 non
931 2969 1037 3027 consul
1059 2969 1139 3026 bora

142 3055 280 3114 trucidat.

232 3144 332 3218 Atque
355 3142 387 3200 in
409 3142 455 3200 his
479 3142 573 3202 satius
596 3145 662 3202 erat
685 3143 861 3218 subsistere,
884 3161 951 3202 cum
973 3143 1138 3220 pagimrra

143 3251 220 3308 quae
248 3234 363 3290 restant
386 3243 476 3289 XVIII
504 3231 664 3307 descriptio
693 3250 785 3308 aeque
809 3233 849 3290 sit
871 3232 986 3290 incerta
1010 3229 1139 3308 atquein

143 3320 232 3381 Ibide.
288 3318 422 3378 111va
447 3321 489 3378 34
517 3319 543 3378 si
565 3320 645 3378 solus
669 3323 856 3394 pentameter
879 3320 1052 3396 suppletus,
1074 3320 1138 3379 1111·

146 3409 218 3467 sisse
242 3408 382 3483 paginam
405 3407 556 3483 putandus
581 3410 639 3466 est:
664 3407 691 3465 si
714 3408 850 3466 adhunc
873 3425 892 3465 a
915 3408 1054 3468 clausula
1070 3420 1138 3483 supa

144 3495 222 3554 riore
245 3495 370 3572 paginae
389 3508 450 3554 XVI
472 3496 681 3569 informantur,
704 3513 808 3555 versus
831 3508 883 3554 XII
905 3498 1010 3555 tamen
1033 3508 1139 3571 exsnpt·
1164 3572 1167 3577 Ι

144 3587 220 3644 rant.
266 3600 370 3643 versus
386 3581 488 3643 decem
503 3583 646 3657 epistolae
661 3595 684 3641 X
698 3584 814 3656 pridem
827 3583 959 3659 suspecti
973 3584 1050 3643 mihi
1062 3580 1139 3645 erut
