2386 3892
90 186 154 250 326
497 185 689 237 PASTORUM

178 351 318 430 Quaeque
341 367 416 428 puer
439 349 587 428 quondam
610 350 714 428 primis
736 348 895 409 diffuderat
916 351 1016 429 annis,

222 438 334 498 Promit
358 438 472 497 fumoso
497 436 615 496 condita
637 439 704 497 vina
727 436 815 496 cado.

179 527 239 586 Neo
262 544 365 604 mora,
388 525 557 584 llumineam
580 525 640 584 lino
665 523 828 584 celantibus
851 524 966 607 ulram,

114 628 165 675 520
225 614 273 674 Sic
297 632 414 692 quoque
438 631 497 673 0οο
521 613 609 693 altis,
632 611 796 672 incubuere
820 615 912 675 toris.

179 703 264 762 Nunc
287 701 383 781 dape,
408 719 487 761 nunc
509 704 606 780 posito
629 718 748 761 mensae
772 703 889 760 nituere
911 699 1023 781 Lyaeo,

223 790 315 850 Terra
339 789 449 849 rubens
473 799 591 869 crater,
614 789 720 867 pocula
743 789 827 866 lagus
850 798 951 850 erant.

180 877 274 938 Verba
299 879 382 938 luere
405 877 503 937 lovis:
536 872 651 956 ‘siquid
675 877 732 936 lert
754 879 906 956 impetus,
929 886 1014 956 opta:

225 965 318 1026 Omne
342 966 420 1024 seres
435 960 459 1024 .'
500 965 607 1043 placidi
629 963 718 1024 verba
742 966 825 1024 incre
849 967 947 1025 senis:

115 1067 165 1115 525
181 1050 268 1114 ‘Cara
293 1055 349 1113 luit
372 1055 522 1132 coniunx,
548 1055 660 1131 primae
684 1052 756 1112 mihi
778 1070 849 1112 cura
871 1055 1008 1113 iuventae

225 1141 367 1220 Cognita.
408 1159 488 1200 nunc
513 1141 564 1201 ubi
588 1143 647 1221 sit,
671 1136 843 1219 quaeritis?
874 1158 950 1201 urna
972 1144 1056 1220 tegit.

180 1229 256 1290 Huic
280 1248 333 1307 ego
357 1231 494 1308 iuratus,
517 1227 599 1288 vobis
622 1231 653 1288 in
676 1227 766 1288 verba
789 1230 918 1309 vocatis,

225 1313 423 1395 “Coniugio’'
448 1316 508 1376 dixi
532 1312 622 1376 “sola
645 1318 744 1376 fruere
768 1311 880 1376 meo.''

81 1429 85 1440 ·
181 1405 219 1466 Et
241 1406 302 1466 dixi
326 1414 355 1466 et
378 1423 485 1465 servo.
526 1404 680 1464 sedenim
704 1404 818 1465 diversa
842 1403 977 1464 voluntas

116 1508 167 1555 530
225 1493 279 1554 Εο1
303 1493 395 1574 ιο11ιί;
420 1512 473 1553 000
497 1488 648 1571 coniunx,
672 1492 723 1552 sed
746 1501 831 1570 pater
854 1509 920 1552 0000
943 1483 1039 1550 volo.'

181 1585 352 1642 Annuerant
375 1599 498 1641 omnes.
540 1597 643 1640 omnes
666 1579 701 1639 ad
725 1589 806 1658 terga
829 1581 947 1640 iuvenci

226 1670 425 1730 Constiterant
447 1702 482 1711 -
504 1668 601 1747 pudor
624 1677 669 1728 est
691 1667 834 1728 ulteriora
856 1667 954 1746 loqui.

181 1757 257 1817 Tum
281 1759 478 1834 superiniecta
501 1766 602 1816 texere
625 1755 771 1816 madentia
795 1765 894 1816 terra:

226 1845 345 1920 lanaque
368 1844 470 1904 decem
495 1863 632 1924 menses,
657 1853 686 1904 01
708 1862 784 1922 puer
807 1851 994 1904 contruserat.

117 1933 268 1994 535Ηοοο
292 1931 439 2010 Hyrieus,
464 1935 532 2011 quia
556 1934 598 1992 sic
621 1934 739 2010 genitus
752 1979 760 2012 ,
784 1939 867 1991 vocat
892 1929 1016 1990 Uriona.

226 2020 358 2080 Perdidit
381 2023 535 2098 antiquum
558 2021 656 2080 littera
678 2021 773 2098 prima
797 2036 919 2078 sonum.

183 2109 321 2169 Creverat
344 2109 543 2188 immensum,
566 2111 703 2168 comitem
727 2107 783 2167 sibi
806 2105 886 2166 Deba
910 2106 1049 2184 sumpsit,

226 2196 276 2255 1110
301 2195 372 2254 deae
396 2204 518 2276 custos,
542 2195 590 2256 ille
614 2195 731 2255 satelles
754 2202 834 2254 erat.

182 2283 277 2343 Vcrba
301 2293 418 2345 movent
440 2287 513 2343 iram
538 2301 596 2343 non
621 2287 835 2361 circumspecta
858 2280 999 2341 deorum.

117 2385 167 2434 540
228 2368 338 2441 ‘Quam
361 2366 521 2450 nequeam'
549 2371 623 2431 dixit
646 2367 801 2448 ‘vincere,
826 2368 904 2428 nulla
928 2369 990 2429 iera
1019 2361 1087 2428 est?

184 2461 328 2539 Scorpion
351 2461 473 2520 immisit
495 2458 617 2518 Tellus.
658 2459 714 2518 luit
736 2460 865 2536 impetus
888 2455 931 2516 illi

227 2549 323 2608 Curva
346 2548 549 2626 gemelliparae
573 2545 685 2624 spicula
708 2546 786 2605 ferre
810 2545 898 2604 deae.

183 2636 305 2697 Obstitit
328 2636 443 2696 Orion.
482 2634 591 2694 Latona
616 2633 779 2693 nitentibus
802 2634 891 2692 astris

227 2723 345 2784 Addidit
368 2732 398 2784 01
421 2719 536 2782 ‘meriti
558 2716 703 2801 praemia'
726 2720 799 2781 dixit
822 2715 950 2781 ‘habel'

310 2861 358 2924 12.
386 2859 415 2922 D
435 2858 882 2932 worumnus-rueme

117 3000 168 3048 545
184 2987 242 3047 Sed
266 2986 336 3064 quid
360 2994 391 3045 et
414 2984 505 3045 Orion
529 2995 559 3045 01
582 2994 680 3045 001000
703 2984 800 3045 sidera
824 2984 934 3045 mundo

228 3074 339 3135 Cedere
364 3074 527 3153 festinant,
550 3091 667 3152 noxque
691 3080 803 3133 coartat
825 3069 909 3132 iter?

184 3163 260 3234 Quid
285 3163 370 3222 solito
394 3163 482 3221 citius
505 3161 616 3238 liquido
639 3159 724 3224 iubar
747 3178 876 3239 aequore
898 3159 978 3220 101111
1045 3171 1093 3219 (1⁸2)

228 3250 376 3330 Candida,
399 3249 523 3309 lucifero
545 3252 776 3328 praeveniente,
799 3243 889 3308 dies?

184 3339 301 3418 Fallor,
326 3356 362 3397 an
386 3354 467 3397 arma
490 3333 626 3397 sonant?
658 3355 717 3396 non
741 3335 891 3414 fallimur,
915 3353 998 3396 arma

730 3421 891 3483 sonabant:

117 3523 169 3573 550
228 3511 305 3570 Μο00
329 3513 409 3570 venit
432 3519 462 3571 01
485 3514 607 3572 veniens
630 3510 735 3572 bellica
758 3513 841 3588 signa
864 3510 966 3573 dedit.
