2386 3892
148 165 214 230 242
554 165 748 217 rasponum

281 329 403 408 Altaque
428 329 576 388 Troezene
600 329 831 405 Parrhasiaeque
855 330 954 389 nives.
1110 363 1145 373 —

237 417 296 477 Pan
322 426 385 476 erat
408 419 553 489 armenti,
577 416 637 476 Pan
660 415 720 477 illic
743 433 853 475 numen
877 433 1038 495 equarum,

281 505 388 564 Munus
411 502 449 562 ob
472 502 635 563 incolumes
657 503 706 563 ille
730 503 845 564 ferebat
867 521 953 564 oves.

237 591 400 652 Transtulit
422 589 557 651 Evander
580 591 725 651 silvestria
747 593 868 651 numina
890 609 1008 653 secum.

172 692 223 741 080
282 679 360 758 llic,
382 678 434 738 ubi
456 696 536 739 nuno
559 678 636 739 Urbs
659 687 726 758 est,
749 687 812 738 tum
836 678 920 739 locus
942 677 1026 740 urbis
1048 687 1127 740 erat.

237 767 309 827 lnde
333 766 421 826 deum
444 765 569 826 colimus
592 767 770 844 devectaque
793 783 877 826 sacra
899 765 1047 845 Pelasgis:

283 854 403 914 Flamen
427 853 462 914 ad
485 853 557 914 haec
580 856 679 933 prisco
702 858 784 914 more
808 853 897 913 Dialis
920 862 1001 915 erat.

238 942 297 1003 Cur
321 944 412 1020 igitur
430 951 573 1020 currant,
596 949 627 1001 et
645 959 699 1002 cur
718 971 751 983 -
770 943 814 1001 sio
832 959 956 1002 currere
973 959 1036 1003 mos
1055 950 1098 1003 est
1118 975 1148 983 -

281 1028 365 1088 Nuda
389 1029 485 1088 lerant
507 1032 603 1106 posita
625 1046 751 1107 corpora
774 1038 878 1108 veste,
900 1025 1013 1107 rogas?

173 1129 223 1178 285
238 1116 304 1196 lpse
328 1115 402 1175 deus
424 1115 508 1176 velox
531 1115 699 1177 discurrere
723 1115 831 1194 gaudet
853 1119 884 1177 in
907 1117 974 1178 altis

282 1203 453 1284 Montibus,
475 1210 506 1264 et
528 1203 640 1264 subitas
664 1206 793 1283 concipit
814 1206 878 1283 ipse
901 1204 1003 1285 lugas3
1110 1236 1146 1247 —

237 1292 304 1372 lpse
328 1291 401 1352 deus
424 1291 522 1352 nudus
545 1291 639 1352 nudos
662 1291 745 1352 iubet
768 1293 812 1352 ire
835 1293 1006 1372 ministros3

282 1379 344 1439 Nec
367 1382 438 1439 satis
461 1379 496 1439 ad
519 1398 626 1440 cursus
650 1377 802 1439 commoda
826 1381 916 1440 vestis
938 1387 1021 1441 erat.

238 1469 312 1527 Ante
336 1466 433 1527 lovem
456 1470 588 1546 genitum
612 1475 707 1528 terras
729 1465 867 1528 habuisse
891 1467 1028 1528 feruntur

174 1568 225 1617 290
283 1555 435 1634 Arcades,
458 1564 488 1615 et
510 1555 578 1615 luna
601 1572 674 1632 gens
696 1557 779 1631 prior
801 1553 850 1615 illa
873 1554 946 1616 tuit.

238 1641 301 1702 Vita
325 1643 397 1701 seris
420 1641 547 1721 similis,
570 1641 666 1702 nullos
689 1643 795 1719 agitata
817 1659 985 1721 perusus:

282 1729 362 1788 Artis
385 1729 480 1788 adhuc
503 1747 609 1807 expers
632 1737 663 1790 et
684 1728 759 1788 rude
783 1729 885 1806 volgus
908 1736 989 1790 erat.

237 1816 295 1876 Pro
319 1815 455 1876 domibus
477 1816 597 1876 irondes
620 1823 748 1896 norant,
770 1832 825 1894 pro
848 1815 984 1894 frugibus
1005 1815 1128 1896 herbas,

283 1901 391 1962 Nectar
413 1912 476 1963 erat
498 1903 602 1982 palmis
625 1903 730 1964 hausta
752 1903 866 1965 duabus
889 1921 981 1981 aqua.

174 1990 344 2052 295Nullus
359 1987 521 2050 'anhelabat
543 1990 599 2051 sub
623 1990 736 2051 adunco
759 2008 877 2051 vomere
900 1999 1021 2074 taurus,

282 2075 366 2137 Nulla
390 2076 445 2136 sub
467 2079 591 2157 imperio
615 2088 694 2138 terra
717 2077 840 2138 colentis
863 2086 945 2140 erat:

238 2163 343 2225 Nullus
366 2164 462 2225 adhuc
485 2175 549 2226 erat
571 2183 644 2226 usus
667 2168 755 2246 equi3
780 2183 813 2226 se
836 2167 961 2245 quisquo
984 2165 1114 2241 ferebat:

282 2250 345 2312 lbat
367 2254 430 2312 ovis
452 2252 518 2313 lana
540 2271 650 2333 corpus
673 2255 778 2315 amiota
800 2271 871 2315 sua.

240 2339 301 2399 Sub
325 2338 393 2400 love
415 2340 560 2401 durabant
582 2350 613 2401 et
635 2358 759 2420 corpora
781 2340 860 2401 nuda
882 2338 1041 2421 gerebant,

172 2440 224 2488 ³00
281 2426 372 2489 Docta
395 2446 499 2507 graves
522 2428 633 2488 imbres
656 2437 688 2490 et
708 2427 836 2489 tolerare
858 2437 962 2489 notos.

238 2513 323 2575 Nunc
346 2534 463 2595 quoque
486 2516 596 2576 detecti
618 2516 754 2578 referunt
776 2518 955 2577 monimenta
977 2517 1085 2577 vetusti

283 2602 394 2682 llloris,
417 2611 448 2664 et
470 2607 605 2682 antiquas
628 2605 824 2664 testificantur
847 2621 936 2682 opes.

239 2688 296 2748 Sed
320 2708 374 2749 our
396 2693 553 2770 praecipue
577 2691 669 2768 fugiat
692 2690 832 2750 velamina
855 2690 993 2771 Faunus,

282 2776 421 2838 Traditur
444 2781 555 2857 antiqui
579 2778 675 2839 labala
698 2778 784 2857 plena
806 2780 881 2839 ioci.

173 2875 224 2925 305
240 2863 328 2922 Forte
352 2882 450 2925 comes
473 2866 608 2927 dominae
631 2868 745 2926 iuvenis
767 2865 942 2944 Tirynthius
962 2863 1040 2927 ibat:

282 2949 359 3011 Vidit
382 2951 418 3011 ab
441 2953 557 3014 excelso
581 2954 700 3015 Faunus
723 2960 883 3031 utrumque
906 2955 993 3032 iugo.

240 3038 338 3117 Vidit,
362 3047 393 3099 et
414 3040 556 3119 incaluit,
580 3037 808 3121 ‘montana'que
832 3035 968 3103 ‘numina
976 3035 1001 3121 ‚'
1025 3038 1096 3099 dixit

283 3123 345 3186 ‘Nil
368 3127 438 3187 mihi
462 3127 613 3189 vobiscum
636 3137 694 3190 est:
725 3128 773 3189 hic
797 3146 881 3189 meus
905 3126 993 3190 ardor
1015 3117 1101 3187 erit.'

238 3213 302 3274 lbat
325 3215 454 3276 odoratis
479 3235 597 3277 umeros
619 3218 738 3295 perlusa
761 3215 873 3293 capillis

172 3312 224 3362 010
282 3302 433 3382 Maeonis,
455 3313 557 3364 aurato
580 3303 787 3383 conspicienda
810 3306 896 3365 sinu:

238 3388 334 3448 Aurea
356 3391 505 3469 pellebant
527 3392 641 3469 tepidos
664 3390 834 3452 umbracula
857 3389 952 3472 soles,

283 3474 362 3544 Quae
386 3487 483 3538 tamen
507 3478 668 3539 herculeae
691 3481 859 3540 sustinuere
883 3494 1004 3540 manus.
