2386 3892
149 195 215 260 250
555 195 748 247 ruscorum

280 360 411 440 Errant,
435 377 514 419 nuno
537 361 634 439 posito
657 360 789 438 pascitur
812 357 918 419 umbra
940 357 1026 420 cibo.

236 446 296 508 Nec
315 456 413 508 tamen
431 446 503 507 baec
523 446 621 526 ultra,
645 465 733 527 quam
755 454 799 507 tot
820 447 856 507 de
876 464 979 508 mense
1002 450 1149 527 supersint

280 534 410 595 Luciferi
423 579 432 614 ‚
456 541 529 612 quot
550 533 660 594 habent
683 537 812 595 carmina
836 545 937 595 nostra
960 534 1068 614 pedes.

237 622 341 702 lianc,
364 624 433 701 quia
456 624 533 682 iusta
557 623 678 701 lerunt,
701 623 802 682 dixere
826 621 939 682 Feralia
962 621 1076 705 lucem,

172 722 223 771 5⁷0
281 709 388 770 Ultima
410 709 560 789 placandis
583 709 719 770 manibus
742 709 790 770 illa
814 710 896 770 dies.

236 797 313 859 Ecce
337 815 431 858 annus
454 799 485 858 in
509 797 613 857 mediis
636 797 770 858 residens
793 815 903 858 annosa
924 797 1034 877 puellis

171 919 179 935 ·
284 886 372 946 Sacra
395 887 466 945 lacit
488 885 629 946 Tacitae:
661 888 714 946 vir·
731 894 828 946 tamen
852 888 915 965 ipsa
938 893 1035 949 tacet:

237 972 275 1034 Et
298 974 397 1051 digitis
420 975 477 1033 tria
499 981 567 1033 tura
589 973 685 1034 tribus
709 973 764 1034 sub
787 973 888 1033 limine
910 975 1013 1054 ponit,

282 1060 345 1131 Oua
369 1060 467 1120 brevis
490 1060 638 1121 occultum
661 1079 728 1122 mus
752 1060 808 1122 sibi
831 1062 903 1121 lecit
924 1064 1000 1122 iter.

171 1160 222 1209 575
238 1148 320 1209 Tunc
345 1156 460 1209 cantata
482 1147 553 1226 ligat
575 1166 644 1209 cum
666 1149 750 1210 lusco
773 1149 840 1210 licia
863 1148 1008 1231 rhombo,

282 1235 320 1297 Et
343 1243 457 1316 septem
480 1239 579 1315 nigras
603 1240 752 1298 versatio
776 1254 828 1297 ore
852 1236 950 1298 sabao.

238 1323 382 1403 Quodque
406 1326 471 1403 pice
495 1325 672 1404 adstrinxit,
700 1325 778 1404 quod
802 1343 856 1386 acu
879 1326 997 1386 traiecit
1019 1331 1106 1405 aena,

220 1454 224 1469 l
283 1412 430 1473 Obsutum
453 1430 573 1473 maenae
596 1421 690 1474 torret
712 1415 743 1473 in
766 1416 834 1491 igne
858 1421 964 1495 caput3

237 1498 310 1561 Vina
333 1519 451 1580 quoque
474 1499 616 1561 instillat.
658 1502 719 1561 vini
742 1500 949 1580 quodcumque
972 1501 1107 1563 relictum

785 1597 830 1649 est
837 1636 847 1669 ‚

172 1686 224 1737 580
283 1676 342 1737 Aut
364 1679 449 1756 ipsa,
472 1685 523 1738 aut
546 1678 691 1756 comites,
713 1676 781 1756 plus
804 1685 902 1737 tamen
924 1678 1011 1758 ipsa,
1033 1676 1122 1738 bibit.

238 1759 383 1823 ‘Hostiles
406 1764 521 1842 linguas
544 1766 721 1842 inimicaque
744 1766 889 1824 vinximus
912 1759 980 1824 ora'

282 1849 359 1911 llicit
380 1851 558 1932 discedens,
582 1851 721 1930 ebriaque
746 1855 805 1912 exit
828 1869 919 1912 anus.

239 1938 377 1999 Protinus
401 1939 547 2019 anobis,
571 1956 645 2019 quae
669 1942 708 2000 sit
729 1939 783 1999 dea
806 1939 886 2000 Muta
898 1984 908 2018 ,
931 1940 1084 2019 requires.

282 2023 389 2105 Disce,
412 2044 466 2105 per
489 2029 626 2106 antiquos
649 2045 724 2105 quae
748 2027 819 2087 mibi
842 2033 911 2087 nota
934 2043 1041 2089 senes.

173 2125 223 2176 585
238 2113 392 2194 luppiter,
415 2114 558 2175 indomito
581 2114 722 2175 luturuae
745 2123 849 2193 captus
872 2132 990 2196 amore,

281 2200 371 2261 Multa
394 2201 462 2261 tulit
485 2210 566 2264 tanto
590 2219 649 2263 non
673 2203 810 2280 patienda
832 2203 905 2263 deo.

238 2288 288 2349 llla
312 2289 397 2349 modo
420 2291 452 2350 in
475 2290 556 2350 silvis
578 2292 659 2351 inter
681 2290 810 2369 coryleta
831 2289 956 2372 latebat,

282 2376 366 2438 Nunc
389 2380 419 2438 in
444 2387 581 2457 cognatas
604 2377 759 2438 desiliebat
781 2395 890 2457 aquas.

238 2465 386 2527 Convocat
413 2466 461 2526 bic
488 2465 652 2546 nymphas,
682 2464 798 2527 Latium
824 2483 1029 2545 quaecumque

783 2553 943 2635 tenebant,

172 2652 225 2703 590
282 2641 320 2702 Et
343 2644 412 2703 iacit
434 2645 465 2702 in
488 2641 585 2702 medio
608 2640 676 2702 talia
698 2640 787 2703 verba
810 2641 920 2703 choro:

239 2723 369 2789 ‘invidet
392 2731 455 2809 ipsa
478 2730 557 2809 sibi,
579 2731 710 2809 vitatque
733 2729 811 2809 quod
835 2729 954 2809 expedit
976 2727 1037 2809 illi,

282 2814 386 2876 Vestra
409 2834 516 2897 soror,
540 2835 655 2878 summo
678 2821 801 2896 iungere
823 2817 956 2878 membra
978 2816 1052 2878 deo.

239 2902 389 2964 Consulite
413 2903 577 2966 ambobus!
609 2923 677 2966 nam
700 2923 775 2985 quae
794 2924 859 2967 mea
877 2923 982 2984 magna
1005 2904 1144 2986 voluptas,

282 2990 398 3052 Utilitas
420 2999 534 3052 restrae
558 2995 652 3071 prima
675 2997 786 3055 sororis
809 2996 884 3055 erit.
925 3043 927 3046 a

172 3092 223 3141 595
237 3080 295 3141 Vos
318 3079 361 3141 illi
384 3081 414 3139 in
438 3081 532 3159 prima
556 3081 680 3160 fugienti
703 3081 837 3143 obsistite
860 3083 941 3161 ripa,
1133 3146 1139 3164 ,

280 3168 323 3228 Ne
347 3185 400 3228 sua
422 3168 561 3229 lluminea
584 3187 708 3248 corpora
732 3178 846 3248 mergat
868 3163 976 3248 aqua.’
1066 3194 1070 3199 ·

237 3255 380 3317 Dixerata
407 3256 571 3318 adnuerant
593 3275 696 3317 omnes
719 3254 906 3319 Tiberinides
928 3257 1023 3339 udae,

282 3345 422 3422 Quaeque
446 3343 548 3404 colunt
571 3343 736 3425 thalamos,
759 3344 810 3406 llia
833 3344 899 3406 diva
911 3390 921 3426 ,
943 3352 1030 3406 tuos.

237 3429 326 3490 Forte
349 3432 406 3492 luit
428 3433 513 3511 nais,
536 3431 612 3493 Lara
633 3434 775 3493 nomine.
816 3435 911 3511 prima
934 3431 988 3494 sed
1010 3431 1053 3494 llli

171 3529 222 3578 000
281 3517 364 3578 Dicta
386 3517 432 3578 bis
456 3522 610 3598 antiquum
633 3517 741 3598 syllaba
763 3538 872 3582 nomen
896 3528 977 3601 erat,
