2386 3892
90 182 155 246 316
497 181 689 233 ousronuu

115 362 165 410 160
224 347 257 408 ln
280 347 431 407 matutinis
455 344 587 425 lampada
610 344 693 406 tollet
716 346 818 425 equis,

180 434 316 514 Frigidus
339 442 471 513 argestes
494 451 623 494 summas
646 433 788 494 mulcebit
810 435 933 512 aristas,

224 523 410 601 Candidaque
435 539 451 582 a
475 521 604 584 Calabris
628 522 691 582 vela
714 519 863 583 dabuntur
886 524 986 602 aquis.

180 613 218 672 tt
240 611 327 672 simul
349 610 492 671 inducent
514 610 642 671 obscura
665 608 841 689 crepuscula
863 619 997 690 noctem,

224 700 297 760 Pars
319 697 453 777 Hyadum
475 706 538 759 toto
562 698 598 758 dc
622 715 710 777 grege
734 697 814 759 nulla
836 696 923 758 latet.

117 787 240 849 tablira
263 790 373 848 micant
395 785 485 847 Tauri
508 795 623 866 septem
644 785 786 847 radiantia
808 785 952 864 flammis,

225 875 327 936 Navita
351 893 423 953 quas
447 874 561 953 Hyadas
583 873 689 935 Graius
711 873 748 934 ab
770 872 866 935 imbre
889 881 989 934 vacat.

181 965 254 1025 Pars
276 963 424 1024 Bacchum
448 965 578 1023 nutrisse
600 970 708 1042 putat3
729 979 799 1041 pars
821 961 947 1022 credidit
969 979 1031 1023 esse

225 1051 354 1130 Tethyos
377 1050 430 1110 bas
453 1059 557 1130 neptes
581 1049 750 1129 Oceanique
773 1051 872 1111 senis.

182 1138 319 1200 Nondum
342 1136 437 1199 stabat
459 1138 539 1199 Atlas
561 1154 681 1199 umeros
705 1146 845 1199 oneratus
868 1137 1008 1219 Olympo,

119 1242 168 1289 170
227 1227 301 1288 Cum
324 1235 405 1288 satus
429 1234 475 1287 est
498 1227 591 1287 lormn
614 1225 841 1305 conspiciendus
863 1225 960 1305 Hyas.

183 1316 268 1376 Hunc
292 1318 382 1394 stirps
406 1314 515 1383 Oceani
539 1316 661 1374 maturis
684 1312 803 1375 nixibus
826 1313 935 1374 letbra

227 1403 349 1484 Edidit,
373 1411 404 1464 et
425 1402 590 1484 nymphas;
613 1401 665 1464 sed
689 1403 772 1480 prior
794 1409 879 1463 ortus
901 1401 995 1481 Hyas.

183 1492 259 1554 Dum
282 1510 356 1552 nova
378 1490 485 1570 lanugo
508 1501 575 1570 est,
597 1490 719 1570 panidos
741 1489 899 1550 tormidine
921 1507 1022 1552 cervos

228 1579 356 1661 Terret,
379 1588 410 1640 et
432 1588 478 1640 est
499 1579 541 1639 illi
564 1579 672 1657 praeda
690 1577 822 1656 benigna
843 1577 947 1657 lepus.

120 1680 169 1729 175
184 1668 222 1728 At
244 1676 400 1747 postquam
423 1670 517 1728 virtus
541 1668 625 1727 annis
648 1664 796 1745 adolevit,
818 1668 849 1727 in
872 1683 961 1744 apros

229 1755 325 1816 Audet
347 1765 377 1817 et
399 1756 529 1815 hirsutas
553 1757 717 1815 comminus
739 1757 784 1814 ire
806 1753 902 1814 ieras.
924 1782 931 1788 ·

184 1843 318 1921 llumque
341 1844 417 1920 petit
438 1842 566 1903 latebras
589 1843 665 1903 ictae
688 1842 861 1922 catulosque
883 1840 1017 1922 leaenae,

228 1930 294 2009 lpse
318 1931 374 1991 init
396 1929 522 2008 Libycae
545 1931 653 2010 praeda
676 1937 799 1991 cruenta
822 1931 918 1991 ierac.

185 2018 278 2078 Mater
302 2016 384 2097 Hyan
407 2025 438 2077 et
460 2017 543 2096 Hyan
566 2027 694 2081 maestae
717 2018 825 2078 bevere
847 2035 967 2079 0000000

120 2119 170 2169 000
229 2105 439 2184 Cervicemque
462 2105 530 2184 polo
553 2109 762 2186 suppositurus
784 2105 882 2167 Atlas.

185 2193 286 2254 Victus
309 2202 436 2273 uterque
459 2211 567 2272 parens
591 2203 688 2255 tamen
712 2202 759 2255 est
781 2195 890 2273 pietate
911 2210 1061 2255 sororum:

228 2280 280 2342 llla
303 2281 383 2343 dedit
406 2281 542 2363 caelum,
564 2285 682 2344 nomina
705 2282 777 2342 iecit
798 2281 893 2361 Hyas.

185 2366 317 2452 illater,
339 2369 431 2451 ades,
453 2368 583 2451 ilerum,
605 2369 682 2431 ludis
705 2369 880 2431 celebranda
902 2367 1027 2432 10000101

229 2458 406 2520 Distuleram
428 2466 528 2538 partes
551 2476 653 2519 mense
676 2461 775 2538 priore
797 2466 883 2519 tuas.

121 2559 171 2608 185
185 2546 295 2627 Incipis
318 2547 433 2628 Aprili,
456 2547 563 2607 transis
586 2548 617 2606 in
642 2555 774 2625 tempora
796 2545 871 2607 Mai:

230 2635 311 2695 Alter
334 2643 363 2696 te
388 2636 526 2716 lugiens,
549 2652 616 2694 cnm
640 2637 742 2715 veuit,
765 2633 839 2694 alter
861 2633 968 2696 babet.

186 2721 259 2782 Cum
282 2730 333 2784 tua
356 2725 416 2784 sint
439 2723 602 2802 cedantque
626 2720 680 2783 tibi
703 2722 830 2783 confinia
853 2739 1006 2802 mensum,

230 2808 373 2870 Convenit
395 2813 426 2870 in
450 2810 552 2873 laudes
574 2810 623 2870 ille
645 2809 690 2870 vel
713 2810 762 2870 ille
785 2817 868 2871 tuas.

185 2897 289 2959 Circus
312 2899 343 2956 in
366 2896 446 2958 bunc
470 2900 530 2959 erit
552 2897 734 2977 clamataque
756 2897 851 2976 palma
875 2897 1017 2958 theatris:

120 2999 170 3048 190
230 2984 292 3045 Hoc
316 3002 433 3065 qunque
457 3004 526 3046 cum
549 2986 628 3048 Circi
650 3003 773 3047 munere
796 3003 916 3046 carmen
940 2992 1004 3046 ent.

184 3073 250 3153 lpsa
273 3073 346 3134 doce
359 3118 369 3153 ,
392 3089 468 3152 qnae
490 3075 553 3136 sis.
593 3075 747 3135 hominum
769 3075 916 3134 sententia
940 3070 1044 3134 fallax:
1082 3093 1085 3101 ·

230 3161 348 3240 Optima
370 3168 403 3222 tn
426 3163 539 3240 proprii
562 3163 689 3222 nominis
712 3169 815 3223 auctor
838 3153 931 3221 eris.’

188 3249 236 3311 Sic
261 3267 337 3328 ego.
379 3251 422 3311 sic
445 3251 556 3311 uostris
578 3248 732 3329 respondit
755 3248 819 3309 dira
842 3250 970 3327 rogatis:

228 3336 305 3396 llum
327 3337 481 3418 loquitur,
504 3355 610 3399 vernas
633 3337 713 3398 elilat
736 3336 771 3397 ab
796 3353 847 3397 000
871 3353 968 3397 rosas.

121 3434 170 3482 195
186 3418 317 3484 ‘Chloris
341 3442 442 3504 eram,
470 3443 545 3503 quae
569 3424 655 3485 Flora
682 3442 793 3486 vocor.
835 3433 975 3503 corrupta
998 3422 1095 3484 Latino

230 3509 364 3570 Nominis
387 3520 433 3572 est
456 3515 551 3573 nostri
574 3512 672 3574 littera
695 3511 807 3573 Graeca
830 3528 921 3573 sono.
