2386 3892
93 177 198 231 XXXII
287 237 289 240 y

11 363 15 370 ·
95 347 191 420 sexta,
214 343 263 402 III
287 345 349 403 505
375 342 412 403 ad
436 343 498 402 IIII
522 345 577 418 84,
602 362 667 401 cum
690 343 881 418 inscriptione
905 343 976 402 libri
1003 364 1048 418 qur

93 450 235 491 versuum
255 443 430 492 Ὶ00605511
471 449 617 491 summam
653 431 768 490 duobus
804 430 940 489 distichis
978 449 1048 490 exce

94 537 130 578 ea
156 523 279 595 propter
307 519 444 578 cancellis
472 519 600 577 instruxi
627 520 689 578 533
720 520 797 592 534,
829 537 951 594 prorsus
979 519 1048 576 inut

93 611 163 681 post
186 627 212 666 v.
238 609 309 679 589,
335 626 370 665 ex
393 607 460 666 aliis
483 607 555 665 locis
574 607 801 682 consarcinatos,
825 624 878 665 nec
893 607 1048 666 emendati«

94 694 213 771 dignas3
232 698 263 754 et
276 695 340 754 IIII
361 699 400 754 11
423 697 472 770 12,
496 713 555 753 non
572 695 753 753 necessarios
771 696 842 770 post
859 713 887 752 v.
907 697 938 770 3,
958 696 1048 754 conda

95 801 131 840 ex
153 783 169 841 Ι
195 787 221 857 1,
247 787 274 858 7,
299 786 327 859 2,
351 783 471 842 cordato
495 786 584 857 poeta
606 781 751 858 indignos.

184 870 294 940 Quinta
316 889 385 946 pars
404 871 581 946 paginarum
598 888 706 929 novem
724 869 866 928 ducentos
885 889 990 929 versus
1009 872 1049 929 ha

94 976 112 1016 a
135 958 198 1016 IIII
219 961 258 1018 85
284 959 321 1016 ad
342 961 417 1018 284:
440 977 501 1016 non
523 957 595 1016 mihi
618 958 755 1033 dubium,
778 957 850 1033 quin
872 957 1048 1017 distichon]

96 1048 157 1105 128
186 1046 332 1105 insertum
360 1046 399 1106 sit
426 1047 464 1105 ab
492 1047 604 1121 aliquo,
637 1045 688 1122 qui
714 1045 842 1104 nesciret
864 1045 939 1113 Nec,
972 1051 998 1105 ct
1027 1065 1048 1103 r«

92 1134 222 1208 proceri,
251 1128 358 1211 ‘neque
381 1133 491 1193 Veneri
518 1138 635 1209 tempus
658 1131 752 1192 ullum
776 1133 874 1209 aptius
898 1137 978 1210 erat,
1006 1152 1048 1192 ner

95 1221 196 1280 Venus
223 1223 352 1297 tempori
379 1215 611 1297 inconveniens'3
639 1220 757 1280 inficeto
779 1239 883 1282 versus
908 1224 971 1280 126
997 1241 1048 1297 am]

92 1309 228 1368 ficatione
250 1311 332 1370 locus
355 1310 534 1385 disperditus
559 1313 613 1369 est.

182 1397 272 1458 Sexta
302 1417 372 1474 pars
405 1399 469 1457 sola
500 1398 591 1456 habet
621 1396 700 1473 quod
728 1397 878 1456 conciliari
904 1397 1048 1456 confident

92 1504 152 1544 non
165 1487 267 1560 possit,
281 1505 342 1544 non
356 1485 610 1545 dissimulandum.
643 1485 694 1560 qui
707 1485 786 1543 inter
799 1485 862 1543 IIII
877 1486 940 1544 285
957 1484 1048 1544 etVd

93 1591 196 1632 versus
224 1577 294 1632 sunt
316 1585 472 1648 Mccan,
500 1572 608 1632 additis
632 1572 747 1633 duobus
770 1573 802 1630 in
823 1573 946 1631 titulum
971 1573 1038 1631 libri

94 1660 219 1736 paginas
233 1673 334 1718 Lv1111
358 1663 536 1735 exsuperant
559 1660 694 1720 uersibus
714 1663 788 1720 octo.
845 1660 1048 1719 eliminandis

93 1748 223 1807 Bentleii
255 1750 285 1806 et
317 1749 444 1807 aliorum
476 1749 654 1807 auctoritate
685 1768 732 1808 vv.
766 1750 829 1807 273
859 1750 923 1807 274
961 1766 1014 1824 pro

94 1836 258 1894 ditamento
285 1837 413 1911 novicio,
442 1837 578 1894 cancellis
605 1835 711 1895 inclusi
738 1854 774 1894 ex
801 1835 928 1908 Heinsii‚
962 1835 1048 1894 Bentl

95 1922 251 1981 Schraderi
269 1924 418 1982 sententia
435 1923 463 1980 V
478 1927 519 1983 37
540 1925 596 1999 38;
620 1924 749 1982 sednon
768 1927 837 1982 sunt
860 1923 1048 1998 supplement

94 2012 217 2069 lacunae
235 2029 303 2087 pag.
320 2023 427 2070 cnvm
446 2013 555 2071 saeculi
574 2012 677 2086 quinti,
697 2011 805 2087 quippe
825 2011 876 2086 qui
895 2011 1048 2071 exscribam

94 2117 112 2156 a
134 2098 292 2158 Lactantio
315 2099 437 2158 Placido
460 2100 499 2157 ad
523 2099 596 2158 Stat.
621 2100 713 2160 Theb.
736 2098 763 2154 V
789 2100 865 2173 569,
894 2101 946 2175 qui
969 2098 1048 2158 eiusd

94 2186 161 2245 aevi
187 2186 280 2246 fuisse
307 2187 446 2246 creditur.
498 2187 625 2260 incerta,
654 2187 764 2260 fateor,
796 2186 966 2245 coniectura
994 2205 1048 2262 supj

95 2275 152 2332 sita
175 2274 298 2333 dixerim
321 2275 447 2334 disticha
470 2274 527 2333 duo
551 2275 614 2332 ΙΙΠ
641 2276 704 2333 853
729 2276 805 2348 854,
834 2275 898 2334 855
924 2275 1002 2350 856,
1030 2293 1047 2349 q

93 2362 160 2420 vale
189 2362 297 2422 dixisse
325 2363 485 2422 Romulum
510 2363 611 2438 fratri,
638 2363 782 2420 feretrum
808 2361 840 2418 in
866 2380 941 2438 rogo
970 2362 1048 2437 posit

93 2450 143 2509 vix
170 2452 308 2510 convenit
335 2454 404 2510 ante
435 2453 541 2510 unctos
569 2454 667 2523 artus,
699 2449 777 2525 quod
808 2450 872 2525 ipse
904 2449 1048 2526 interpola

93 2539 212 2614 scripsit
234 2539 303 2598 Met.
327 2539 359 2597 II
380 2542 441 2598 626
464 2541 541 2613 627,
564 2537 642 2613 quod
662 2538 737 2595 Tum
755 2539 818 2596 855
842 2536 1048 2611 incommode]

94 2626 193 2702 situm,
221 2627 332 2686 Ultima
353 2630 474 2698 flamma
498 2627 561 2685 856
585 2625 746 2684 insolenter
770 2625 890 2700 dictum,
913 2629 949 2684 ut
967 2626 1048 2685 Plus·

93 2711 191 2772 Aetuo
212 2713 305 2772 Ibidis
328 2733 356 2772 ν.
372 2715 449 2788 598,
473 2714 560 2788 quod,
584 2714 609 2771 si
631 2717 751 2788 poetam
773 2713 824 2771 illo
843 2714 909 2772 acic
926 2717 1048 2774 venuste

94 2800 255 2859 efficaciter
268 2800 468 2858 narrationem
487 2801 662 2860 terminasse
680 2805 777 2877 putes,
796 2801 1048 2876 interpolationip

93 2889 173 2946 fecto
186 2888 268 2946 locus
283 2888 414 2962 patebat.
468 2891 618 2962 postremo
632 2890 755 2948 tertium
769 2889 918 2948 distichon
932 2891 1048 2965 suspect

93 2975 250 3034 habuerim
273 2976 335 3034 861
362 2978 438 3050 862,
465 2976 543 3050 quod
570 2977 668 3035 nescio
691 2976 837 3052 quomodo
859 2980 971 3052 poetae
993 2994 1048 3037 sset

95 3063 172 3123 sexti
193 3063 290 3139 magis
313 3082 402 3138 quam
426 3060 523 3122 Ovidii
546 3066 674 3124 colorem
697 3066 848 3140 praeferre
872 3065 1002 3125 videtur.

183 3151 316 3226 Septima
339 3151 436 3226 portio
459 3152 634 3228 paginarum
657 3166 705 3211 xx
729 3172 747 3211 a
770 3152 798 3210 V
823 3155 887 3212 634
912 3153 953 3211 ad
975 3152 1048 3212 Vlt

93 3257 197 3297 versus
216 3241 315 3313 habet,
340 3238 365 3297 si
379 3257 532 3297 accensens
550 3240 774 3315 inscriptionem
792 3240 871 3314 libri,
888 3250 1048 3306 ccccm]

94 3326 239 3384 decedunt
269 3332 369 3386 tamen
400 3327 459 3386 tria
491 3327 617 3386 disticha
644 3332 713 3403 post
741 3331 819 3402 271,
852 3347 932 3404 quae
960 3330 1048 3388 h‘bron

93 3414 269 3473 auctoritate
305 3414 389 3473 nulla
425 3417 559 3476 utuntur.
613 3418 768 3490 praeterea
801 3415 970 3476 eiciendum
998 3430 1048 3476 cen

92 3501 121 3559 V
146 3505 208 3562 647
239 3505 310 3562 648.
364 3521 440 3578 nego
470 3502 534 3561 fieri
566 3504 712 3579 potuisse,
744 3505 778 3561 ut
806 3501 935 3565 Ovidius
965 3520 1048 3567 versu
