2386 3892
471 158 491 210 1.
514 159 660 212 tur-me.
1004 156 1069 221 219

154 322 324 402 Quaerere,
343 329 377 381 ut
395 319 570 399 absumant,
589 319 743 399 absumpta
766 324 920 400 requirere
940 329 1069 402 certant,

197 412 294 488 Atque
317 411 399 486 ipsae
423 410 500 467 vitiis
524 416 593 468 sunt
615 407 753 469 alimenta
775 411 872 471 vices.

88 511 139 560 215
155 499 203 558 Sic
228 497 337 576 quibus
361 497 502 556 intumuit
526 497 637 556 suffusa
660 506 763 557 venter
787 497 822 558 ab
846 498 941 578 unda,

197 586 261 654 Quo
286 585 352 662 plus
376 591 445 644 sunt
467 594 575 664 potae,
597 584 664 662 plus
686 587 829 646 sitiuntur
852 603 961 664 aquae.

155 675 186 733 ln
211 675 306 751 pretio
329 674 458 751 pretium
482 689 561 731 ntrnc
585 679 647 732 est:
680 671 729 732 dat
752 691 859 734 census
882 674 1029 756 honores,

200 762 314 822 Census
339 762 504 839 amicitias;
527 778 639 838 pauper
663 758 773 838 ubique
796 763 888 822 iacet.

154 850 199 910 Tu
222 857 321 909 tamen
345 850 508 925 auspicium
533 849 558 906 si
581 849 620 907 sit
643 850 729 926 stipis
751 848 845 930 utile,
868 852 1003 931 quaeris,

88 952 139 1000 220
199 936 317 1014 Curque
341 938 443 995 iuvem
466 943 578 995 vestras
601 953 668 996 aera
692 943 807 997 vetusta
830 935 961 998 manus?

154 1028 229 1084 hera
253 1023 359 1083 dabant
383 1023 473 1083 olim.
516 1022 621 1084 melius
644 1042 724 1084 nunc
747 1042 833 1085 omen
857 1027 887 1085 in
911 1043 983 1086 auro
1007 1033 1069 1105 est,

198 1112 339 1190 Victaque
364 1112 511 1171 concessit
534 1113 631 1189 prisca
654 1121 771 1173 moneta
794 1132 903 1174 novae.

155 1200 214 1260 Nos
238 1218 356 1278 quoque
381 1199 488 1279 templa
511 1200 634 1280 iuvant,
658 1202 790 1278 quamvis
814 1204 933 1280 antiqua

700 1287 876 1368 prohemus,

198 1377 314 1436 Aurea:
350 1377 486 1435 maiestas
511 1376 649 1434 convenit
671 1376 726 1435 ista
750 1376 842 1436 deo..

88 1477 139 1525 225
155 1464 320 1524 Laudamus
343 1471 460 1523 veteres
473 1509 481 1542 ,
505 1461 556 1522 sed
581 1464 691 1522 nostris
714 1465 825 1524 utimur
848 1465 950 1525 annis:

200 1552 261 1612 blos
284 1559 383 1611 tamen
407 1559 452 1611 est
474 1568 567 1628 aeque
591 1549 697 1629 dignus
720 1558 846 1629 uterque
870 1548 959 1612 coli.'

156 1641 286 1700 Finierat
308 1641 459 1698 monitus.
501 1637 623 1716 placidis
646 1641 686 1699 ita
709 1657 836 1719 rursus,
860 1647 894 1701 ut
917 1648 1002 1721 ante,

199 1727 382 1805 Clavigerum
406 1725 504 1786 verbis
527 1725 668 1805 adloquor
690 1729 753 1806 ipsc
778 1727 884 1789 deum:

156 1812 261 1875 ‘Multa
284 1815 402 1893 quidem
426 1814 538 1875 didici:
571 1815 623 1875 sed
646 1833 700 1875 cur
723 1816 832 1876 navalis
855 1819 885 1876 in
909 1834 976 1878 aere

90 1918 141 1965 230
200 1903 298 1963 Altera
321 1905 433 1980 signata
457 1909 502 1962 est
514 1949 523 1982 ,
547 1901 637 1962 altera
660 1903 753 1963 lorma
776 1900 919 1983 biceps?’

156 1988 299 2051 ‘Noscere
324 2009 370 2050 me
394 1989 505 2070 duplici
527 2008 630 2069 posses
654 2000 688 2052 ut
710 1993 836 2070 imagine
849 1987 875 2072 ,³
900 1992 973 2052 dixit

200 2076 252 2138 ‘Ni
275 2086 360 2138 vetus
382 2081 446 2158 ipsa
469 2078 532 2138 dies
556 2086 745 2140 extenuasset
767 2097 859 2161 opus.

155 2168 248 2228 Causa
271 2169 343 2226 ratis
366 2175 520 2245 superest:
553 2166 684 2227 Tuscum
711 2175 774 2228 rate
798 2169 878 2228 venit
901 2170 932 2227 in
955 2185 1069 2227 amnem

200 2254 275 2314 Ante
298 2262 451 2332 pererrato
475 2253 588 2313 ialciler
611 2253 682 2314 orbe
706 2255 796 2314 deus.

91 2355 143 2405 235
158 2343 218 2402 Hac
242 2359 295 2420 ego
320 2342 481 2402 Saturnum
503 2343 624 2403 memini
646 2340 752 2400 tellure
775 2349 946 2420 receptum:

202 2429 362 2490 Caelitibus
385 2432 485 2508 regnis
508 2447 524 2488 2
546 2428 614 2488 lova
637 2427 741 2506 pulsus
764 2437 844 2488 erat.

156 2517 228 2578 lnde
252 2517 302 2577 diu
326 2520 408 2595 genti
430 2519 538 2578 mansit
561 2517 697 2577 Saturnia
720 2533 846 2597 nomen;

199 2606 283 2665 Dicta
306 2623 424 2684 quoque
448 2613 493 2666 est
515 2604 630 2665 Latium
653 2611 754 2684 terra,
778 2604 886 2664 latente
909 2603 981 2664 deo.

156 2693 292 2753 Athona
315 2696 473 2772 posteritas
496 2711 626 2774 puppem
649 2693 785 2753 formavit
807 2695 837 2753 in
861 2710 945 2773 aere,

89 2794 142 2842 240
200 2781 332 2859 Hospitis
355 2781 513 2842 adventum
536 2781 690 2841 testificata
713 2781 778 2843 dei.

156 2869 222 2948 lpse
247 2869 341 2928 solum
365 2869 464 2949 colui,
488 2871 573 2928 cuius
596 2867 792 2947 placidissima
815 2871 929 2933 laevum

201 2956 288 3016 Radit
311 2957 449 3017 harenosi
471 2955 628 3036 Thybridis
652 2957 729 3019 unda
752 2959 846 3020 latus.

1063 2770 1089 2801 l

155 3043 232 3123 llic,
256 3043 308 3105 ubi
330 3063 410 3105 nunc
432 3044 525 3105 Roma
548 3053 593 3105 est
605 3093 615 3127 ,
638 3048 780 3107 incaedua
803 3046 874 3107 silva
896 3041 1025 3120 virebat,

200 3131 351 3211 Tantaque
375 3151 424 3193 res
446 3135 548 3211 paucis
571 3152 680 3213 pascua
702 3133 800 3194 bubus
823 3138 902 3190 erat.

89 3232 141 3279 245
156 3221 216 3280 Arx
239 3238 304 3280 mea
327 3220 409 3280 collis
432 3228 497 3280 crat
519 3220 639 3299 volsus,
663 3238 750 3298 quem
775 3220 892 3278 nomine
916 3223 1017 3276 nostro

201 3307 360 3388 Nuncupat
381 3308 454 3368 haec
477 3316 574 3388 aetas,
597 3307 818 3384 Ianiculumque
842 3311 942 3364 vocat.

156 3395 240 3456 Tunc
264 3414 318 3475 ego
342 3395 520 3475 regnabam,
544 3397 658 3472 patiens
681 3411 748 3452 cum
772 3400 852 3452 terra
874 3390 997 3454 deorum

202 3483 308 3565 Esset,
333 3492 363 3543 et
385 3483 521 3543 humanis
543 3483 664 3541 numina
686 3482 775 3541 mixta
799 3481 889 3542 locis.
