2386 3892
485 178 534 229 111.
554 181 702 231 asc-aec.
1030 179 1094 244 281

177 341 243 402 ltur
267 340 302 400 ad
326 337 497 418 Argeos-
520 343 571 418 qui
590 343 670 421 sint,
694 359 747 402 sua
769 344 874 421 pagina
898 342 977 418 dicet
1000 373 1033 386 —

221 428 304 506 Hac,
328 431 354 488 si
376 430 585 509 commemini,
608 431 826 509 praeteritaque
851 430 915 492 die.

178 516 267 578 Stella
290 515 466 595 Lycaoniam
489 519 583 596 vergit
606 517 745 596 proclivis
768 518 804 578 ad
828 518 938 579 rlrcton

220 604 350 665 Miluus.
392 604 464 665 haec
488 604 536 665 illa
560 612 646 665 nocte
670 605 793 667 videnda
816 609 913 667 venit.

110 693 255 764 70000111
279 692 395 753 dederit
417 692 552 773 volucri,
575 695 602 753 si
624 695 667 753 vis
691 711 892 775 cognoscere,
916 693 1046 757 caelum:

223 781 369 841 Saturnus
393 783 492 860 regnis
516 799 532 840 0
555 780 622 841 10νο
645 779 750 860 pulsus
774 789 851 862 erat;

179 869 314 929 Concitat
336 872 431 929 iratus
455 868 564 929 validos
587 868 706 930 Titanas
730 871 761 930 in
784 888 882 949 arma,

223 957 362 1035 Quaeque
386 958 442 1018 luit
466 957 533 1017 latis
556 955 676 1036 debita,
699 965 824 1037 temptat
846 975 949 1036 opem.

177 1044 269 1104 Matre
293 1053 374 1105 satus
397 1043 511 1125 Terra,
535 1053 701 1106 monstrum
723 1045 879 1128 mirabile,
903 1055 1006 1108 taurus

110 1145 163 1194 800
221 1132 307 1193 Parte
331 1135 378 1193 sui
401 1150 524 1211 serpens
548 1135 713 1211 posteriore
736 1134 809 1196 luit.

177 1218 262 1280 Hunc
285 1220 395 1299 triplici
418 1238 503 1282 muro
528 1220 602 1281 lucis
625 1220 786 1283 incluserat
811 1224 883 1283 atris

222 1307 380 1370 Parcarum
404 1311 518 1369 monitu
543 1308 614 1387 Styx
636 1309 764 1369 violenta
787 1312 895 1371 trium.

177 1394 295 1456 Viscera
319 1399 370 1476 qui
394 1399 471 1459 lauri
493 1397 619 1457 llammis
642 1396 783 1457 adolenda
807 1397 955 1479 dedisset,

222 1483 293 1544 Sors
317 1493 401 1565 erat,
425 1493 561 1545 aeternos
584 1487 703 1546 vincere
722 1503 809 1563 posse
833 1485 921 1546 deos.

112 1584 163 1634 805
179 1571 313 1633 lmmolat
335 1573 414 1633 bunc
437 1572 576 1634 Briareus
600 1573 674 1633 10010
699 1591 735 1633 ex
758 1574 910 1634 adamante
934 1576 1049 1656 securi,

222 1659 259 1720 Et
282 1662 398 1721 iamiam
420 1661 546 1721 llammis
569 1670 635 1722 exta
658 1661 781 1722 daturus
805 1669 886 1723 erat:

176 1747 309 1826 luppiter
331 1747 450 1809 alitibus
473 1766 578 1826 rapere
601 1751 748 1828 imperat.
789 1747 887 1811 attulit
909 1748 951 1811 illl

222 1834 350 1917 Miluus,
374 1844 404 1897 et
427 1838 541 1897 meritis
564 1840 644 1898 venit
667 1839 697 1898 in
721 1846 799 1899 astra
823 1840 902 1899 suis.

88 1974 138 2037 18.
158 1968 219 2035 EC
263 1972 559 2050 reduvias-N
599 1972 735 2041 meo
776 1972 915 2041 21.Ηο
952 1974 1093 2044 22.ΑΝ
1162 2050 1165 2055 Α

177 2097 239 2159 Una
263 2099 326 2160 dies
349 2101 445 2161 media
468 2108 535 2181 est,
559 2109 589 2162 00
612 2101 687 2163 fiunt
709 2120 792 2164 sacra
815 2101 980 2183 Minervae,

110 2198 186 2248 010
221 2186 345 2247 Nomina
370 2205 444 2266 quae
468 2191 576 2250 iunctis
601 2192 731 2270 quinque
755 2190 860 2251 diebus
883 2190 1008 2253 babent.

177 2275 326 2351 Sanguine
349 2277 443 2353 prima
466 2285 549 2338 vacat
561 2323 570 2358 ,
593 2295 649 2338 nec
672 2279 716 2338 las
739 2295 918 2339 concurrere
942 2278 1038 2341 lerro:

221 2362 336 2442 Causa,
362 2364 440 2442 quod
464 2372 509 2424 est
531 2364 580 2425 illa
603 2373 670 2425 nata
693 2364 823 2425 Minerva
846 2365 911 2425 die.

175 2450 274 2511 Altera
298 2460 417 2530 tresque
442 2469 532 2531 super
555 2470 621 2512 rasa
644 2452 832 2513 celebrantur
855 2452 981 2514 harena:

220 2537 349 2598 Ensibus
372 2541 498 2599 exsertis
520 2538 624 2602 bellica
647 2540 722 2602 laeta
744 2540 798 2601 dea
821 2541 894 2601 ests

108 2637 160 2687 815
175 2625 291 2687 Pallada
314 2645 393 2688 nunc
416 2629 503 2706 pueri
525 2636 704 2708 teneraeque
727 2636 808 2690 orate
831 2626 962 2710 puellae,

220 2714 277 2784 Oui
300 2713 375 2775 bene
398 2713 521 2793 placarit
543 2716 680 2796 Pallada,
703 2717 809 2779 doctus
832 2718 906 2779 erit.

174 2801 291 2862 Pallade
313 2802 427 2881 placata
450 2803 545 2864 lanam
568 2803 682 2864 mollire
705 2804 820 2884 puellae

219 2889 338 2950 Discant
361 2898 391 2951 et
413 2890 515 2969 plenas
538 2908 699 2953 exonerare
723 2893 821 2956 colos.

175 2976 225 3036 llla
250 2981 338 3038 etiam
362 2980 467 3039 stantis
491 2978 573 3038 radio
597 2997 773 3057 percurrere
797 2981 870 3043 telas

106 3076 159 3125 000
218 3064 346 3146 Erudit,
369 3074 399 3127 et
422 3083 523 3127 rarum
545 3069 663 3146 pectine
679 3068 792 3131 'denset
814 3086 907 3147 opus.
935 3143 939 3151 .

173 3152 255 3214 Hanc
278 3154 363 3234 cole,
388 3155 440 3234 qui
463 3154 551 3215 laesis
575 3155 705 3216 maculas
728 3156 764 3217 de
788 3155 919 3216 vestibus
942 3154 1059 3217 aulers:

218 3240 299 3302 Hanc
323 3241 409 3322 cole,
432 3241 591 3304 velleribus
615 3244 846 3322 quisquisaena
868 3259 971 3321 paras.

173 3327 234 3390 Nec
258 3333 414 3407 quisquam
437 3331 527 3390 invita
551 3330 639 3391 saciet
662 3327 738 3389 bene
761 3329 877 3391 vincula
899 3330 1014 3411 plantae

217 3417 356 3497 Pallade,
380 3420 419 3478 sit
441 3416 552 3496 Tychio
576 3417 691 3477 doctior
713 3415 762 3478 ille
785 3417 872 3480 licet:

105 3517 157 3566 825
173 3503 211 3565 Et
234 3506 302 3566 licet
325 3505 446 3583 antiquo
469 3502 605 3566 manibus
629 3504 763 3567 conlatus
786 3503 867 3586 Epeo
