2386 3892
92 190 208 245 XXXIV

203 352 267 416 248
284 368 395 416 ΜΙΧΤΑ
408 368 515 416 LOCIS.
571 355 716 415 librorum
734 357 809 414 hanc
828 357 1008 433 scripturam
1026 359 1099 418 ferri

92 465 153 505 non
183 463 270 521 posse
301 444 464 503 rectissime
497 443 677 502 Schraderus
709 444 832 502 monuit.
888 445 913 503 si
940 450 1032 506 mictu
1054 467 1098 506 re-

93 534 253 609 petendum
289 536 337 591 est
373 533 411 590 ab
448 532 535 590 Arati
567 531 676 589 Phaen.
712 533 774 590 101
807 526 918 605 ἀναμὶξ
951 529 1097 610 ἐκάθητο,

93 621 171 698 quod
199 620 391 679 Germanicus
422 620 497 696 109,
529 621 592 678 124
622 618 658 677 de
686 623 764 678 tectis
790 621 950 697 1011111011,
978 623 1041 682 lure
1068 627 1099 682 et

91 711 243 784 penatibus
264 709 493 783 interpretatus,
517 705 640 766 Ovidius
664 707 833 766 meminisse
857 709 999 777 debebat,
1022 730 1097 786 quae

92 799 156 873 ipse
179 797 215 854 de
238 815 321 855 more
342 795 440 871 prisco
463 795 581 870 Italico,
607 797 694 871 puto,
721 795 812 854 etiam
836 795 958 855 Saturni
981 801 1012 857 et
1035 799 1099 856 lani

93 904 179 960 aevo,
203 883 296 942 tradit
313 883 358 941 VI
378 884 455 958 301,
478 881 521 940 Ar
541 885 629 956 focus.
649 912 686 926 ··-
712 886 744 942 ia
760 887 869 956 primis
891 887 1011 944 aedibus
1034 892 1100 945 uate

92 977 151 1047 fuit
167 1003 205 1015 -—
221 971 297 1031 Arete
319 973 397 1044 focos
420 973 487 1031 olim
510 973 635 1030 scamnis
658 973 804 1030 considere
826 973 918 1045 tonsis
940 973 1011 1032 Mos
1033 977 1098 1050 fuit,

93 1067 120 1120 et
158 1077 273 1120 meusne
313 1061 425 1118 medem
468 1060 567 1118 adesse
602 1060 675 1118 deos.
730 1058 876 1117 edendum
911 1060 971 1119 fuit
1008 1065 1099 1122 mictu

93 1151 174 1223 focis.
285 1142 351 1206 264
383 1159 451 1205 PER
482 1158 583 1206 ross.
637 1147 681 1205 ita
714 1145 781 1204 dedi
816 1166 832 1205 e
865 1148 1015 1207 codicibus
1048 1168 1098 1225 op-

92 1236 187 1312 timis3
219 1236 310 1294 etiam
341 1236 373 1293 in
400 1234 572 1308 Ursiniano,
605 1235 655 1309 qui
687 1239 712 1293 et
739 1253 809 1293 sane
837 1253 856 1292 a
882 1236 979 1310 prima
1009 1257 1098 1296 manu

92 1326 197 1391 hebet,
229 1323 291 1382 vidi
322 1325 443 1400 subesse
475 1341 623 1398 rasuram,
655 1323 709 1381 sub
742 1342 799 1398 qna
832 1323 1042 1398 dignoscebam
1064 1345 1098 1399 p.

93 1401 313 1488 interpretabar
335 1410 371 1468 de
395 1411 470 1470 clivo
494 1409 676 1485 Capitoline,
703 1412 753 1485 qui
776 1416 896 1485 practer
918 1413 1018 1471 forum
1042 1415 1097 1472 Ro-

93 1520 214 1559 manum
236 1501 273 1557 ad
297 1515 400 1557 arcum
423 1497 502 1573 Sept.
528 1497 642 1573 Severi,
665 1498 770 1556 deinde
793 1518 897 1557 versus
921 1503 1097 1576 septentrio-

93 1608 161 1647 nem
187 1589 342 1663 porrectus
373 1585 452 1643 inter
479 1603 628 1644 carcerem
654 1586 865 1645 Mamertinum
897 1591 928 1646 et
954 1589 1098 1664 parietem

93 1677 179 1734 illum
206 1676 352 1748 veterem,
381 1672 433 1748 qui
459 1673 581 1731 extabat
608 1674 640 1731 in
666 1679 772 1749 crypta
794 1675 876 1733 aedis
900 1675 928 1733 S.
953 1677 1097 1735 Martinae

93 1763 237 1841 gradibus
256 1774 330 1821 xxll
352 1761 430 1818 infra
453 1761 561 1837 solum,
584 1761 663 1836 quod
686 1764 752 1819 erat
774 1766 843 1821 ante
867 1781 960 1822 annos
983 1765 1096 1840 viginti,

94 1853 237 1928 protenus
259 1849 340 1908 inter
360 1848 427 1907 fora
450 1848 580 1926 Augusti
604 1851 634 1907 et
657 1850 824 1908 Romanum
846 1850 905 1909 iter
926 1853 1098 1926 praebuerit

94 1942 126 1997 in
148 1939 255 2011 valles,
282 1955 358 2013 quae
388 1939 457 1995 sunt
484 1940 552 2012 post
578 1940 709 1996 montem
733 1937 932 2016 Quirinalem
955 1943 1098 2014 perfora

95 2028 206 2085 dictum
229 2027 265 2083 ut
286 2024 350 2083 IIII
369 2027 432 2084 567
455 2025 566 2098 Perque
592 2028 678 2084 urbes
699 2024 797 2085 Asiae.
852 2027 1000 2087 obiciebat
1024 2029 1096 2103 opti·

95 2132 161 2174 mus
183 2113 334 2173 Beckerus
356 2132 405 2188 pp.
425 2115 487 2171 349
513 2115 544 2170 et
567 2115 640 2186 222,
664 2112 773 2171 clivum
796 2112 998 2188 Capitolinum
1021 2118 1098 2174 ultra

94 2204 194 2262 forum
214 2219 274 2259 non
296 2199 426 2276 produci.
481 2199 533 2258 sed
555 2200 584 2257 id
607 2200 728 2258 nonita
747 2219 810 2259 esse
830 2201 1097 2277 deprehendebam:

96 2290 204 2349 transit
226 2291 313 2347 vetus
335 2288 404 2347 clivi
426 2288 629 2363 pavimentum
652 2307 752 2347 arcum
772 2289 874 2348 Severi
896 2291 1012 2366 aliquot
1033 2309 1096 2366 pas·

96 2379 186 2452 sibus,
209 2376 379 2453 pertinebat
397 2375 434 2434 ad
452 2395 571 2434 murum
588 2395 682 2453 usque
696 2379 901 2435 transversum
914 2378 1097 2454 impositum3

96 2486 130 2526 ac
152 2467 288 2543 legebam
311 2483 406 2540 nuper
428 2464 460 2521 in
483 2466 596 2540 ephem.
628 2463 750 2538 Allpcm.
769 2465 841 2524 Zeu.
862 2467 944 2526 1883
964 2487 993 2541 p.
1016 2468 1096 2526 1203

96 2555 132 2614 de
161 2555 266 2614 effosso
297 2572 332 2612 eo
359 2555 458 2612 tractu
486 2583 530 2593 -
559 2545 631 2611 ‘und
656 2571 714 2611 wer
740 2571 796 2612 coa
823 2555 874 2612 der
902 2554 1020 2628 Gepeud
1051 2558 1098 2615 der

97 2643 273 2715 Kaiserfora
299 2643 350 2700 ber
376 2642 436 2700 sict
462 2641 537 2698 cuch
560 2642 623 2698 dem
646 2639 759 2714 Capitol
781 2643 849 2700 oder
872 2643 923 2701 der
947 2643 1034 2702 Ttber
1057 2646 1096 2702 bess

95 2723 181 2804 piebt'
212 2721 255 2809 (p.
282 2729 365 2787 1204
399 2721 456 2787 ‘die
478 2726 592 2786 Strecbe
617 2730 668 2787 der
689 2728 782 2788 Socra
808 2733 858 2788 cic
883 2748 949 2789 com
970 2731 1097 2791 Seruus·

98 2820 186 2891 bopeu
214 2818 258 2875 bis
284 2817 377 2874 bicter
404 2818 459 2874 den
480 2809 725 2895 Suturntempel)'‚
758 2810 893 2877 ‘wucdelt
919 2821 1024 2878 wieder
1050 2819 1100 2891 auf

99 2907 163 2964 dem
189 2905 395 2977 Lacapfluster
427 2905 477 2962 der
503 2903 597 2963 Sacra
624 2898 692 2963 ciu’.
747 2904 798 2979 qui
824 2905 912 2964 hodie
940 2906 998 2964 viri
1025 2905 1096 2966 docti

99 2993 135 3051 de
164 2992 240 3051 clivo
268 2991 355 3050 aliter
381 2991 579 3067 praecipiunt,
612 2991 797 3051 descendisse
824 2996 893 3068 post
920 2996 1024 3053 aedem
1052 2995 1095 3053 Se·

99 3081 181 3140 turni
203 3080 234 3138 in
262 3079 360 3138 forum
382 3079 545 3152 affirmant,
577 3098 611 3138 eo
635 3080 666 3137 in
687 3079 794 3138 itinere
816 3084 884 3154 fora
906 3086 941 3140 ut
964 3082 1007 3141 VI
1031 3084 1094 3156 401,

100 3172 167 3243 scra
190 3172 220 3228 et
238 3169 328 3227 calles
346 3171 380 3226 nt
398 3167 430 3224 Π
450 3170 512 3227 391
534 3170 606 3243 392,
630 3168 682 3226 sed
704 3186 762 3226 non
781 3169 923 3228 Lautolas
946 3174 1000 3237 aut
1023 3169 1094 3230 aedi-

101 3258 197 3315 culam
224 3256 289 3314 Iani
312 3258 432 3331 praesto
462 3256 616 3314 habituros
639 3256 814 3331 putaverim.
928 3253 992 3317 296
1009 3264 1092 3318 Pars

102 3357 189 3404 srnr
222 3357 267 3402 nr
300 3355 385 3403 resa.
439 3343 516 3403 liber
552 3343 680 3418 optimus
704 3361 781 3417 pars
811 3347 850 3403 stt
881 3350 907 3403 et
936 3349 1010 3419 ipsc.
1058 3345 1094 3402 ita
1134 3336 1136 3415 J

102 3449 193 3507 supra
210 3433 273 3490 190
286 3450 363 3505 pars
374 3433 446 3490 mibi
458 3432 494 3490 de
506 3433 577 3504 festo
590 3448 627 3489 ce
640 3432 714 3490 lubet
725 3433 795 3498 ullu,
814 3433 857 3490 lb.
873 3434 914 3491 88
930 3435 973 3493 Et
984 3437 1094 3508 sitpurs
1133 3424 1136 3515 j

102 3523 161 3580 corr·
188 3520 270 3578 callo
297 3521 413 3578 cadmo.
508 3513 572 3577 589
602 3530 727 3578 cunurs
755 3531 946 3579 rnovrncrs
973 3530 1093 3582 vnsrar.
