2386 3892
91 189 157 255 354
496 192 688 244 russonum

181 355 316 416 Gramina
340 357 479 416 continuo
502 353 607 414 loculis
631 353 777 432 depromit
800 353 940 416 eburnis:

114 457 164 504 750
224 444 399 503 Proirrerant
422 441 523 501 Glauci
547 440 682 502 manibus
705 440 753 502 illa
775 445 877 521 prius.

181 531 298 610 [Tunc,
322 548 388 590 cum
413 530 581 590 observatas
601 531 705 608 anguis
723 529 878 591 descendit
900 531 936 591 ad
958 532 1071 592 umbras

223 618 299 678 Usus
323 625 353 677 et
375 616 482 677 auxilio
506 625 551 677 est
573 619 677 695 anguis
701 615 736 677 ab
760 635 854 696 angue
879 618 978 697 dato]

178 707 301 766 Pectora
324 713 371 765 ter
393 707 511 786 tetigit,
534 713 581 764 ter
603 704 691 765 verba
715 704 843 766 salubria
866 705 957 768 dixit:

221 793 394 871 Depositum
417 801 497 853 terra
520 791 640 852 sustulit
661 791 710 852 ille
734 802 838 873 caput.

114 894 163 942 too
178 881 277 942 Lucus
301 899 369 941 eum
392 880 586 958 Nemorisque
608 881 654 940 tui
666 926 675 959 ,
699 879 863 962 Dictynna,
886 899 1022 943 recessus

225 967 326 1028 Colat:
358 969 477 1028 Aricino
501 966 619 1027 Virbius
641 966 690 1028 ille
713 967 797 1029 lacu.

177 1056 214 1115 lt
237 1055 393 1133 Clymenus
417 1054 579 1133 Clothoque
602 1054 720 1116 dolent:
751 1056 845 1136 haec,
868 1056 916 1116 iila
938 1060 1052 1136 reneri,

220 1142 297 1219 llic,
320 1143 386 1202 fieri
409 1144 492 1220 regni
514 1144 579 1202 iura
603 1145 715 1203 minora
739 1145 802 1204 sui.

176 1230 330 1310 luppiter,
354 1229 520 1308 exemplum
542 1232 654 1290 veritus
666 1277 675 1310 ,
699 1229 807 1292 direxit
828 1232 860 1290 in
882 1233 980 1309 ipsum

114 1331 164 1380 700
223 1318 379 1397 Fulmina,
403 1320 453 1395 qui
477 1320 583 1377 nimiae
607 1315 741 1378 moverat
760 1320 832 1379 artis
855 1336 958 1398 opem.

176 1406 316 1487 Phoebe,
340 1405 533 1485 querebaris:
567 1406 640 1465 deus
664 1413 709 1466 est
721 1453 730 1487 ,
752 1405 869 1484 placare
892 1408 1022 1485 parenti3

220 1494 346 1571 Propter
369 1501 420 1572 te,
443 1494 508 1553 fieri
531 1492 609 1570 quod
632 1500 733 1572 vetat,
755 1496 819 1572 ipse
842 1495 931 1554 lacit.

344 1604 395 1667 21.
418 1600 480 1666 Dc
526 1603 577 1667 22.
599 1600 659 1668 EO
705 1603 756 1668 23.
779 1601 838 1668 FO

1075 580 1083 613 l

176 1712 241 1771 Non
265 1730 318 1789 ego
343 1720 393 1791 te,
418 1713 549 1789 quamvis
572 1709 745 1790 properabis
767 1712 885 1771 vincera
897 1757 907 1791 ,
931 1711 1049 1789 Caesar,

221 1797 252 1857 Si
274 1806 354 1858 vetet
376 1801 562 1877 auspicium,
586 1801 668 1875 signa
691 1816 809 1858 movere
831 1797 938 1859 selim.

112 1898 161 1947 705
178 1885 244 1946 Sint
266 1884 320 1945 tibi
343 1884 503 1944 Flaminius
526 1885 756 1965 Trasimenaque
778 1885 865 1946 litora
887 1893 997 1967 testes,

223 1973 279 2032 Per
301 1971 437 2031 volucres
460 1990 569 2050 aequos
593 1973 684 2033 multa
708 1991 827 2034 monere
851 1973 939 2034 deos.

175 2060 320 2138 Tempora
344 2061 369 2119 si
392 2061 500 2118 veteris
524 2061 642 2137 quaeris
665 2063 820 2122 temeraria
843 2061 958 2141 damni,

220 2147 348 2217 Quartus
372 2146 408 2206 ab
432 2154 563 2206 extremo
587 2165 688 2208 mense
712 2147 757 2207 bis
780 2146 828 2208 ille
853 2148 933 2209 dies.

175 2236 296 2295 Postera
314 2234 364 2294 lux
384 2233 505 2294 melior.
539 2242 659 2313 superat
672 2235 825 2295 Masinissa
840 2233 1016 2315 Syphacem,
1030 2247 1081 2298 (22⁵)

111 2336 160 2384 770
219 2323 256 2382 Et
280 2323 386 2383 cecidit
408 2321 475 2382 telis
498 2321 662 2381 hasdrubal
685 2325 748 2401 ipse
772 2322 851 2382 suis.

518 2433 569 2496 24.
593 2430 653 2495 GC

175 2541 320 2620 Tempora
342 2540 504 2620 labuntur,
527 2542 682 2618 tacitisque
707 2543 890 2602 senescimus
913 2543 1013 2620 annis,

220 2628 258 2688 Et
281 2629 399 2706 lugiunt
422 2630 505 2689 lreno
529 2645 588 2687 non
611 2637 777 2689 remorante
802 2627 883 2689 dies.

176 2716 269 2784 Quam
293 2719 351 2775 cito
375 2723 520 2776 venerunt
542 2714 690 2775 Fortunae
713 2714 813 2774 Fortis
835 2714 981 2776 honorcsl

219 2802 289 2861 Post
312 2812 426 2881 septem
448 2803 529 2864 luces
552 2800 654 2862 Iunius
678 2809 763 2862 actus
786 2803 860 2862 erit.

111 2903 160 2950 rto
175 2888 240 2969 lte,
264 2888 347 2949 deam
371 2890 439 2949 laeti
462 2891 580 2951 Fortem
604 2890 749 2950 celebrate
762 2936 771 2969 ,
795 2885 944 2959 Quirites!

219 2977 252 3037 ln
276 2974 391 3035 Tiberis
414 2979 477 3054 ripa
501 2996 623 3038 munera
647 2981 724 3056 regis
747 2975 853 3036 hahet.

175 3065 246 3124 Pars
270 3064 367 3143 pede,
389 3081 458 3142 pars
481 3067 568 3124 etiam
593 3065 682 3125 celeri
705 3065 854 3124 decurrite
877 3061 1001 3144 cumba,

221 3153 281 3212 Nec
304 3150 414 3229 pudeat
436 3159 521 3230 potos
543 3152 612 3212 inde
635 3152 732 3213 redire
756 3150 893 3212 domum.

175 3239 262 3299 Ferte
286 3247 441 3298 coronatae
465 3242 603 3300 iuvenum
628 3241 757 3299 convivia
780 3238 902 3316 lintres,

110 3337 160 3384 780
219 3325 368 3402 Multaque
391 3344 445 3403 per
468 3326 578 3386 medias
601 3329 666 3386 vina
688 3325 827 3386 bibantur
850 3342 958 3403 aquas.

175 3411 262 3471 Plebs
286 3413 355 3471 colit
377 3413 452 3472 hanc
465 3460 474 3492 ,
498 3416 565 3491 quia
589 3416 640 3492 qui
663 3416 783 3493 posuit,
806 3413 842 3474 de
865 3411 952 3491 plebc
976 3413 1069 3473 luisse

219 3497 349 3575 Fertur,
373 3508 402 3559 et
425 3518 461 3559 ex
484 3500 587 3560 humili
610 3511 724 3579 sceptra
748 3500 852 3560 tulisse
874 3498 957 3560 loco.
