2386 3892
424 197 473 250 111.
491 209 505 249 1
520 200 626 252 'to—m
640 201 683 253 24.
1017 197 1059 262 41

139 360 232 421 Roma
257 359 423 439 domusque
447 360 527 422 subit
549 361 788 440 desideriumque
813 360 964 442 locorum,

140 448 292 527 Quicquid
316 457 346 509 et
367 451 473 522 amissa
496 456 590 509 restat
612 451 644 510 in
668 448 741 510 urbe
764 452 839 510 mei.

139 536 176 597 Ei
199 537 273 597 mibi
286 582 296 616 ,
320 537 398 615 quod
423 538 531 597 totiens
554 540 649 598 nostri
672 536 787 616 pulsata
809 537 938 617 sepulcri

141 624 255 706 lanua,
278 624 331 684 sed
354 623 435 686 nullo
458 633 591 703 tempore
615 633 715 704 aperta
740 624 812 686 luitl

88 724 125 773 25
143 712 204 773 Cur
227 731 282 790 ego
306 721 351 773 tot
373 712 483 791 gladios
508 713 569 791 lugi
593 716 760 792 totiensque
784 715 893 774 minata

141 800 249 861 Obruit
271 799 374 860 infelix
398 799 476 861 nulla
500 800 628 878 procella
650 797 769 879 caput?

141 889 199 968 Di,
223 906 299 968 quos
322 891 459 968 experior
482 891 606 949 nimium
629 896 801 950 constanter
824 891 964 971 iniquos,

140 977 304 1054 Participes
328 979 389 1036 irae
412 995 487 1055 quos
510 977 583 1038 deus
607 996 685 1038 unus
708 977 813 1058 babet,

141 1063 360 1145 Exstimulate,
382 1083 511 1145 precor,
534 1068 680 1126 cessantia
703 1067 761 1126 lata
784 1067 901 1146 meique

89 1165 126 1214 30
142 1151 284 1213 interitus
308 1152 422 1213 clausas
446 1170 510 1213 esse
534 1162 629 1215 vetate
654 1152 749 1214 loresl

520 1346 583 1418 ΙΙΙ.

140 1501 219 1564 Haec
242 1521 309 1564 mea
322 1549 330 1583 ,
355 1505 380 1563 si
403 1522 474 1564 casu
497 1505 638 1584 miraris,
663 1503 787 1581 epistula
810 1521 902 1583 quare

140 1591 271 1652 Alterius
294 1592 393 1670 digitis
416 1593 527 1670 scripta
550 1595 604 1652 sit:
628 1609 715 1669 aeger
738 1610 837 1653 eram.

140 1682 235 1758 Aeger
259 1681 291 1739 in
315 1681 455 1740 extremis
477 1681 571 1757 ignoti
593 1678 727 1758 partibus
750 1680 848 1762 orbis,

142 1769 338 1846 incertusque
362 1785 443 1827 meae
467 1785 560 1845 paene
584 1767 687 1828 salutis
711 1786 808 1829 eram.

111 1856 236 1926 oQuem
261 1855 334 1914 mibi
357 1873 436 1916 nuuc
460 1857 589 1915 animum
612 1856 677 1915 dira
700 1858 820 1934 regione
843 1859 952 1918 iacenti

141 1944 221 2003 luter
246 1942 435 2003 Sauromatas
458 1961 523 2004 esse
548 1943 694 2022 Getasque
717 1941 834 2022 putes?

142 2030 203 2091 Nec
226 2031 341 2091 caelum
363 2033 481 2111 patior,
505 2049 559 2092 nec
583 2034 667 2110 aquis
691 2031 878 2093 adsuevimus
901 2034 984 2114 istis,

142 2118 295 2197 Terraque
319 2121 419 2179 nescio
443 2137 501 2199 quo
524 2137 583 2179 non
607 2118 703 2197 placet
726 2123 789 2199 ipsa
811 2121 916 2182 modo.

142 2205 205 2266 Non
229 2206 335 2267 domus
358 2215 425 2285 apta
448 2209 541 2287 satis,
564 2226 624 2267 non
647 2208 696 2268 hic
720 2209 804 2269 cibus
827 2208 909 2269 utilis
931 2226 1038 2288 aegro,

99 2307 130 2354 10
144 2293 271 2375 Nullus,
295 2294 445 2372 Apollinea
469 2298 521 2374 qui
543 2295 620 2355 levet
643 2303 706 2355 arte
729 2295 857 2376 malum,

141 2380 206 2442 Non
230 2385 283 2461 qui
306 2381 442 2463 soletur,
467 2400 527 2444 non
551 2383 603 2460 qui
625 2380 751 2442 labentia
775 2383 857 2444 tarde

142 2468 287 2547 Tempora
311 2470 457 2531 narrando
480 2470 582 2548 sallat,
605 2469 718 2528 amicus
741 2469 841 2530 adest.

143 2556 252 2619 Lassus
276 2560 307 2618 in
331 2560 471 2619 extremis
493 2561 575 2619 iaceo
599 2555 774 2635 populisque
797 2555 947 2636 locisque,

142 2644 181 2705 Et
203 2645 285 2707 subit
308 2646 422 2707 adfecto
446 2664 525 2707 nunc
548 2646 642 2724 mihi,
666 2643 807 2723 quicquid
831 2642 931 2704 abest.

98 2743 128 2791 15
143 2733 248 2794 Omnia
271 2752 338 2795 cum
363 2733 510 2814 subeant,
533 2735 626 2794 vincis
650 2741 748 2793 tamen
771 2734 890 2814 omnia,
913 2735 1041 2794 coniunx

143 2820 181 2882 Et
203 2821 271 2899 plus
294 2824 325 2881 in
349 2831 450 2882 nostro
473 2829 594 2900 pectore
618 2829 701 2900 parte
724 2829 826 2883 tenes.

142 2907 183 2968 Te
207 2908 312 2988 loquor
336 2909 510 2988 absentem,
533 2916 563 2969 te
586 2927 641 2968 vox
665 2927 729 2970 mea
752 2911 884 2971 nominat
907 2928 1015 2990 unam3

142 2995 226 3058 Nulla
250 3000 330 3058 venit
353 3001 469 3058 sinete
494 3015 551 3056 nox
575 2997 668 3077 mihi,
692 2997 770 3058 nulla
794 2998 876 3058 dies.

143 3084 221 3154 Quin
245 3087 333 3145 ctiam
357 3088 399 3145 sic
423 3103 469 3145 me
493 3084 596 3145 dicunt
618 3085 712 3145 aliena
735 3084 883 3165 locutum,

97 3182 128 3232 20
143 3171 180 3232 Ut
203 3173 280 3233 loret
303 3175 413 3233 amenti
436 3191 543 3232 nomen
565 3174 597 3232 in
620 3191 671 3232 ore
695 3181 797 3233 tuum.

143 3260 174 3320 Si
197 3263 255 3321 iarn
278 3261 433 3340 delicium,
457 3260 676 3339 subpressoque
700 3259 798 3337 lingua
822 3256 917 3336 palato

144 3347 195 3409 Vix
218 3349 359 3410 instillato
383 3347 565 3409 restituenda
589 3365 689 3424 mero,

141 3435 264 3497 Nuntiet
287 3436 346 3497 buc
369 3435 475 3515 aliquis
497 3436 646 3496 dominam
669 3434 807 3513 venisse,
830 3449 1002 3512 resurgam,

144 3523 277 3603 Spesque
303 3526 346 3585 tui
369 3523 454 3584 nobis
478 3541 565 3584 causa
589 3523 697 3601 vigoris
721 3522 794 3582 erit.
