2386 3892
475 177 507 228 V.
526 179 675 232 393-466.

85 357 145 407 430
207 341 266 403 Cur
289 341 437 401 externati
460 356 566 401 rursus
589 348 713 418 agantur
736 341 822 418 equi.

161 429 258 491 Foeda
280 426 445 507 Lycaoniae
467 434 585 506 repetes
604 429 735 487 convivia
758 444 895 508 mensae,

206 515 436 596 Temptabisque
460 514 519 575 cibi
541 514 641 575 tallere
664 514 768 575 fraude
790 514 906 576 lovem.

161 606 263 685 Teque
286 604 393 683 aliquis
416 605 513 682 posito
536 610 661 683 temptet
683 605 741 663 rim
764 605 895 664 numinis
917 610 1005 682 opto,

205 691 373 753 Tantalides
396 699 430 752 ut
453 692 494 752 sis
517 698 550 751 tu
573 690 711 769 Celeique
734 709 827 771 puer.

85 781 199 846 435111
221 789 272 841 tua
296 782 339 840 sic
361 779 436 839 latos
460 787 635 858 spargantur
658 777 790 838 membra
812 796 867 858 per
889 796 993 859 agros,

206 868 368 947 Tamquam
391 885 466 946 quae
489 868 599 945 patrias
621 866 777 927 detinuere
799 867 879 927 rias.
1016 858 1018 863 ⁴

160 958 238 1018 Aere
260 955 388 1016 Perilleo
410 972 497 1015 veros
518 956 636 1015 imitere
659 956 818 1035 iuvencos,

205 1043 249 1105 Ad
272 1044 397 1104 formam
420 1045 499 1103 tauri
520 1044 712 1103 conveniente
736 1060 826 1103 sono.
855 1112 857 1116 Α

160 1132 259 1211 thue
282 1132 365 1192 ferox
389 1129 543 1211 Phalaris,
566 1130 665 1208 lingua
687 1132 771 1210 prius
794 1148 865 1192 ense
888 1138 1003 1191 resecta

89 1234 145 1283 440
206 1219 287 1281 llore
311 1218 395 1280 bovis
417 1218 528 1297 Paphio
552 1219 670 1278 clausus
692 1220 723 1279 in
746 1235 814 1278 aere
837 1235 954 1297 gemas.

160 1308 297 1387 Dumque
320 1307 419 1368 redire
442 1307 522 1367 voles
545 1308 608 1366 aevi
630 1304 761 1366 melioris
783 1307 815 1368 in
837 1323 949 1386 annos,
1034 1312 1078 1378 (u)

207 1395 246 1457 Ut
267 1404 352 1456 retus
376 1394 493 1455 Admeti
515 1394 662 1473 decipiare
686 1410 788 1454 socer.

161 1485 220 1545 Aut
242 1501 335 1563 eques
357 1485 388 1543 in
411 1482 501 1542 medii
523 1498 658 1559 mergare
680 1481 819 1559 voragine
842 1481 942 1560 caeni,

205 1570 371 1632 Dummodo
394 1573 453 1631 sint
476 1571 528 1630 lati
550 1571 668 1630 nomina
691 1568 771 1631 nulla
793 1569 855 1630 tui.

92 1671 147 1721 445
162 1658 258 1738 Atque
283 1661 396 1720 utinam
418 1676 545 1738 pereas,
566 1657 657 1718 veluti
680 1657 716 1718 de
740 1655 879 1718 dentibus
902 1659 960 1718 orti

207 1747 328 1807 Sidonia
350 1748 435 1807 iactis
458 1745 544 1806 Graia
566 1762 620 1825 per
643 1763 711 1805 arva
729 1762 835 1806 manu.

161 1834 201 1896 Et
224 1852 299 1914 quae
322 1833 467 1896 Pitthides
491 1833 583 1914 iecit,
605 1835 776 1912 pariterque
800 1832 924 1894 Molinae

206 1921 352 1983 Eveniant
375 1924 464 2001 capiti
486 1929 552 1982 vota
576 1922 696 1991 sinistra
718 1928 788 1982 tuo:

162 2009 201 2070 Et
224 2009 332 2089 quibus
355 2012 461 2088 exiguo
485 2017 530 2069 est
552 2009 681 2070 volucris
704 2009 808 2070 devota
831 2007 947 2089 libello,

96 2110 148 2160 450
208 2097 339 2178 Corpora
361 2100 491 2177 proiecta
514 2114 589 2175 qnae
613 2114 666 2158 sua
688 2106 796 2176 purgat
817 2114 911 2175 aqua.

164 2185 292 2248 Vulnera
314 2194 417 2265 totque
440 2186 540 2264 ieras,
563 2193 636 2262 quot
658 2184 767 2245 dieitur
790 2183 839 2243 ille
862 2184 985 2262 tulisse,

209 2274 300 2335 Cuius
323 2271 359 2334 ab
380 2274 496 2334 inferiis
518 2272 614 2333 culter
636 2271 739 2332 abesse
761 2267 854 2331 solet.

165 2361 374 2440 Attonitusque
397 2378 503 2441 seces,
525 2368 559 2421 nt
581 2376 656 2436 quos
679 2357 815 2436 Cybeleia
837 2365 932 2418 mater

209 2449 315 2511 lnoitat
326 2495 336 2529 ,
359 2448 394 2510 ad
418 2448 560 2527 Phrygios
583 2445 649 2506 vilia
672 2443 803 2504 membra
826 2444 946 2505 modos.

103 2547 151 2599 455
166 2535 266 2616 Deque
290 2539 353 2597 riro
376 2537 428 2597 llas
451 2554 506 2597 nee
529 2535 637 2595 semina
660 2550 715 2593 nec
738 2533 783 2592 vir
796 2579 805 2611 ,
827 2541 862 2592 ut
883 2531 977 2611 Attis,

209 2624 247 2686 Et
269 2626 383 2704 quatias
406 2623 486 2684 molli
509 2632 645 2702 tympana
668 2637 757 2681 rauca
780 2636 885 2704 manu.

166 2711 258 2792 lnque
280 2730 373 2793 pecus
396 2711 494 2772 subito
517 2710 637 2788 llagnae
661 2716 776 2770 vertare
799 2710 949 2790 parentis,

209 2798 310 2861 Victor
333 2809 366 2861 ut
389 2808 435 2861 est
458 2799 547 2859 celeri
570 2801 706 2878 victaque
729 2814 814 2859 versa
836 2797 928 2877 pede.

168 2887 293 2968 Solaque
317 2887 440 2948 Limone
463 2904 587 2966 poenam
609 2905 647 2947 ne
670 2889 799 2948 senserit
820 2885 918 2968 illam,

106 2987 153 3037 400
211 2975 249 3036 Et
272 2983 322 3037 tua
346 2976 434 3038 dente
457 2975 520 3035 iero
544 2976 656 3036 viscera
679 2984 780 3054 carpat
803 2992 915 3053 equus.

166 3067 225 3126 Aut
247 3071 281 3125 ut
304 3062 525 3142 Cassandreus,
548 3061 667 3123 domino
691 3082 750 3124 non
773 3055 873 3123 mitior
893 3059 958 3120 illo.

212 3151 337 3214 Saucius
360 3155 474 3231 ingesta
496 3151 709 3212 contumuleris
731 3150 838 3210 humo.

166 3241 226 3302 Aut
248 3248 282 3301 ut
305 3239 503 3319 Abantiades,
526 3248 577 3301 aut
599 3247 633 3299 ut
656 3236 802 3317 Cygneius
825 3235 932 3312 heros,
1039 3243 1082 3293 (2²)

160 3341 163 3348 '
212 3327 336 3390 Clausus
358 3329 389 3388 in
413 3343 574 3405 aequoreas
597 3325 801 3405 praecipiteris
825 3336 931 3400 aquas,

103 3425 153 3476 465
168 3416 291 3478 Victima
314 3414 360 3477 vel
382 3413 502 3476 Phoebo
526 3431 624 3474 sacras
647 3412 785 3471 macteris
809 3408 845 3470 ad
868 3425 951 3487 aras,

213 3505 309 3576 Quam
331 3503 398 3565 tulit
421 3522 437 3563 a
460 3519 546 3563 saevo
569 3499 742 3561 Theudotus
765 3498 849 3560 hoste
872 3514 994 3560 necem.

888 3599 926 3653 8*
