2386 3892
360 169 409 220 EX
425 167 544 221 PONTO
562 169 583 221 1.
602 172 725 221 11-32.

233 413 294 496 EX
321 412 469 495 Ponto
498 413 636 497 LIBER
662 411 851 498 PRIMUS.

529 613 557 688 Ι.

135 771 206 834 Naso
229 772 398 833 Tomitanae
422 773 480 832 iam
503 789 563 832 non
585 790 680 832 novus
703 770 798 833 incola
821 780 919 833 terrae
1015 786 1046 836 ‹¹›

174 859 235 921 Hoc
258 859 313 921 tibi
336 859 372 919 de
396 858 498 920 Getico
520 859 607 920 litore
631 862 722 920 mittit
743 878 835 939 opus.

136 948 164 1008 Si
188 956 292 1027 vacat,
313 947 442 1026 hospitio
465 949 661 1027 peregrinos,
683 947 800 1026 Brute,
822 946 936 1008 libellos

173 1035 305 1116 Excipe,
329 1034 458 1113 dumque
482 1035 602 1116 aliquo,
625 1034 758 1114 quolibet
780 1034 854 1096 abde
877 1036 959 1097 loco.

108 1123 249 1185 aPubiica
273 1141 334 1182 non
357 1122 467 1183 audent
489 1125 567 1183 iutra
589 1125 770 1184 monimenta
792 1126 914 1206 venire,

173 1211 216 1272 Ne
240 1229 313 1272 suus
336 1209 392 1270 hoc
416 1209 473 1270 illis
497 1209 638 1272 clauserit
659 1218 763 1271 auctor
785 1213 861 1272 iter.

131 1298 171 1360 A!
194 1301 332 1378 quotiens
356 1297 416 1358 dixi
440 1294 534 1358 certe
556 1298 599 1358 nil
621 1306 708 1377 turpe
732 1298 862 1360 docetis:

174 1386 240 1468 ite,
262 1394 343 1466 patet
366 1389 456 1447 castis
479 1384 615 1447 versibus
638 1385 687 1446 iile
710 1381 827 1446 locus?

131 1474 195 1535 Non
218 1485 317 1536 tameu
340 1474 507 1555 accedunt,
531 1473 605 1552 sed,
629 1482 663 1534 ut
685 1475 793 1553 aspicis
816 1476 902 1555 ipso,
924 1456 1017 1535 latere

90 1575 119 1624 10
176 1563 238 1624 Sub
260 1563 323 1623 lare
346 1565 460 1641 privato
484 1565 578 1623 tutius
601 1580 667 1622 esse
688 1569 815 1641 putant.

133 1651 279 1731 Quaeris,
302 1649 355 1711 ubi
376 1650 431 1710 hos
454 1653 550 1729 possis
574 1649 655 1711 uullo
678 1667 855 1730 componere
878 1647 985 1712 laeso?

175 1739 239 1810 Qua
262 1746 406 1800 steterant
428 1739 537 1819 Artes,
560 1755 629 1817 pars
652 1746 734 1799 vacat
757 1739 806 1800 iila
828 1738 900 1802 tibi.

134 1826 210 1897 Quid
233 1828 373 1906 veuiaut,
397 1828 526 1887 novitate
549 1844 636 1904 roges
659 1827 785 1888 sortasse
808 1827 863 1889 sub
887 1831 963 1907 ipsa.

176 1916 301 1995 Accipe,
321 1913 528 1993 quodcumque
547 1921 611 1995 est;
633 1913 792 1976 dummodo
811 1933 870 1976 non
894 1919 933 1977 sit
955 1934 1049 1976 amor.

89 2013 119 2063 to
133 2002 290 2082 iuvenies,
314 2005 446 2080 quamvis
470 2020 530 2064 non
552 2010 598 2063 est
620 2002 796 2064 miserabilis
819 2003 926 2082 index,

177 2090 241 2151 Nou
265 2093 363 2151 minus
385 2090 442 2151 hoc
464 2090 514 2150 illo
538 2093 646 2171 triste,
670 2092 748 2170 quod
772 2101 839 2152 aute
863 2091 948 2152 dedi.

134 2177 233 2241 Rebus
256 2177 357 2257 idem,
381 2179 467 2239 titulo
490 2179 611 2260 differt,
634 2187 664 2239 et
687 2178 833 2260 epistola,
856 2181 904 2240 cui
927 2181 967 2239 sit

178 2266 242 2327 Non
266 2266 413 2327 occultato
437 2269 555 2327 uomiue
578 2268 689 2346 missa,
714 2268 817 2327 docet.

134 2354 194 2416 Nec
217 2373 268 2415 vos
291 2353 347 2415 hoc
371 2354 481 2415 vultis:
514 2353 566 2413 sed
589 2371 644 2414 nec
668 2353 826 2433 prohibere
849 2358 992 2434 potestis,

90 2454 122 2504 ao
179 2442 320 2520 Musaque
344 2443 379 2503 ad
402 2444 510 2502 invitos
533 2441 664 2502 officiosa
687 2443 785 2501 venit.

136 2529 284 2608 Quidquid
303 2530 332 2591 id
348 2539 411 2611 est,
430 2530 555 2607 adiunge
570 2531 660 2589 meis.
697 2527 771 2588 nihii
788 2527 912 2606 impedit
925 2536 1006 2589 ortos
1022 2543 1052 2590 (2)

95 2669 97 2671 .
179 2617 272 2679 Ennia
296 2621 419 2679 servatis
442 2617 556 2696 iegibus
580 2616 658 2678 Urbe
682 2617 759 2677 frui.

136 2706 221 2776 Quod
240 2715 354 2768 metuas
373 2723 432 2767 uon
451 2713 517 2766 est.
550 2705 659 2766 Antoni
679 2706 788 2783 scripta
811 2704 968 2785 leguntur,

124 2839 131 2851 .
179 2793 290 2856 Doctus
314 2801 344 2854 et
366 2797 397 2854 in
420 2801 560 2873 promptu
584 2795 692 2854 scrinia
715 2792 826 2855 Brutus
849 2794 954 2856 habet.

91 2891 122 2942 to
136 2881 197 2942 Nec
221 2899 268 2941 me
292 2881 460 2942 nominibus
484 2882 615 2943 furiosus
638 2883 759 2943 consero
782 2885 890 2945 tantis:

181 2969 273 3029 Saeva
296 2969 367 3030 deos
392 2976 495 3029 contra
517 2987 577 3029 uon
599 2978 699 3031 tamen
722 2989 802 3032 arma
826 2971 898 3032 tuli.

136 3055 269 3135 Denique
294 3056 460 3136 Caesareo,
483 3056 562 3135 quod
585 3075 645 3118 non
669 3058 818 3119 desiderat
841 3061 922 3138 ipse,

180 3143 246 3204 Nou
270 3152 351 3205 caret
373 3164 390 3205 e
413 3148 525 3204 nostris
548 3144 625 3206 ullus
648 3145 762 3204 honore
784 3142 878 3204 liber.

138 3230 169 3291 Si
192 3231 309 3293 dubitas
333 3235 368 3294 dc
393 3250 461 3314 me,
485 3232 586 3293 laudes
610 3231 731 3292 admitte
754 3229 897 3310 deorum,

92 3329 122 3378 30
182 3318 220 3380 Et
243 3339 363 3381 carmen
386 3321 505 3399 dempto
529 3321 647 3380 nomine
671 3334 755 3378 sume
779 3334 895 3378 meum

137 3408 293 3468 Adiuvat
285 3426 316 3468 rn
339 3407 416 3469 hello
438 3414 558 3486 pacatae
582 3422 682 3465 ramus
705 3403 816 3464 olivae:

181 3494 319 3557 Proderit
341 3504 493 3557 auctorem
515 3494 596 3572 pacis
620 3489 729 3552 habere
752 3487 851 3553 nihil?
