2386 3892
91 171 154 236 128
278 185 283 197 ·
498 175 548 224 EX
565 173 684 226 PONTO

130 349 162 399 15
177 338 323 416 Tempore
347 338 474 399 ducetur
496 337 583 417 longo
607 338 732 398 fortasse
756 337 897 418 oioatrix3

221 425 350 487 Horrent
373 425 505 486 admotas
528 424 650 486 vulnera
673 425 765 486 cruda
786 442 910 486 manus.

176 513 241 574 Non
265 521 311 574 est
332 517 364 573 in
382 513 496 574 medico
520 531 659 592 semper,
683 511 832 573 relevetur
855 521 890 574 ut
912 532 1010 595 aeger.
1038 526 1073 575 <1²1

221 600 374 662 Interdum
396 601 481 662 docta
505 601 572 680 plus
595 600 671 661 valet
693 608 758 660 erte
781 599 909 662 malum.

177 688 305 771 Cernis,
327 697 362 750 ut
384 708 401 749 e
424 688 506 749 molli
528 690 648 767 sangnis
670 687 810 766 pulmone
833 691 975 751 remissus

129 776 870 857 mmmmmmffl

177 865 287 926 Allerat
309 868 373 944 ipse
395 866 466 926 lieet
488 882 587 925 sacras
610 863 789 943 Epidaurius
812 863 937 929 herbas.

172 990 182 1004 r
222 952 344 1014 Sanahit
365 953 445 1014 nulla
468 953 589 1013 vulnera
613 952 712 1013 cordis
734 969 808 1031 ope.

177 1040 293 1102 Tollere
316 1041 458 1101 nodosam
481 1043 577 1101 nesoit
599 1040 744 1101 medicina
767 1039 946 1122 podagram,

221 1127 282 1189 Nee
305 1128 468 1189 formidatis
492 1127 649 1189 auxiliatur
672 1130 773 1207 aquis.

129 1227 162 1277 25
177 1216 254 1277 Cura
277 1235 396 1296 quoque
418 1216 568 1277 interdum
592 1214 672 1277 nulla
694 1215 878 1277 medicabilis
901 1224 980 1298 erto,
998 1248 1025 1258 -

221 1305 280 1366 lut
292 1351 301 1385 ,
325 1307 441 1384 nteit,
464 1305 550 1383 longa
574 1312 620 1365 est
643 1304 828 1365 extenuanda
850 1322 950 1366 mora.

177 1393 250 1454 Cum
273 1392 349 1454 hene
372 1395 528 1453 firmarunt
550 1394 680 1453 animum
702 1400 861 1472 praecepta
884 1394 1037 1471 iacentem,

221 1481 403 1561 Sumptaque
427 1488 497 1542 sunt
519 1480 604 1541 nohis
628 1483 758 1559 pectoris
781 1498 862 1540 arma
884 1482 947 1563 tui,

176 1568 291 1629 Rursus
315 1587 397 1629 amor
420 1571 532 1648 patriae
555 1571 670 1629 ratione
693 1569 838 1629 valentior
856 1571 938 1630 omni

129 1668 162 1716 30
221 1656 306 1726 Quod
329 1663 380 1716 tua
403 1657 539 1718 fecerunt
562 1660 672 1736 scripta
684 1659 825 1736 ‚retexit
847 1675 941 1737 opus.

177 1743 244 1804 Sive
267 1746 350 1821 pium
371 1746 416 1804 vis
439 1744 496 1805 hoe
508 1790 517 1824 ,
541 1747 602 1805 sive
625 1746 682 1805 hoe
704 1744 850 1806 muliebre
872 1745 987 1826 vocari,

220 1830 370 1892 Confiteor
392 1834 502 1893 misero
525 1832 613 1893 molle
636 1851 688 1893 cor
711 1850 778 1894 esse
800 1832 891 1903 mihi.

175 1918 241 1989 Nun
264 1918 353 1980 dubia
375 1928 422 1981 est
444 1920 537 1981 ithaci
559 1921 739 2000 prudentia:
763 1921 815 1982 sed
838 1929 938 1982 tamen
960 1927 1037 2002 optat

219 2007 346 2067 Fumum
370 2008 406 2068 de
429 2011 533 2086 patriis
556 2027 644 2087 posse
667 2009 767 2070 videre
791 2009 882 2071 locis.

128 2105 161 2155 35
176 2094 281 2156 Nescio
305 2113 363 2174 qua
386 2096 481 2156 natale
506 2096 600 2157 solum
623 2097 779 2158 dulcedine
802 2105 927 2160 cunctos

219 2182 329 2263 Ducit,
352 2191 383 2244 et
405 2186 583 2245 inmemores
606 2203 667 2246 non
690 2187 762 2245 sinit
784 2203 850 2246 esse
874 2187 938 2247 sui.

176 2271 253 2342 Quid
276 2271 383 2333 melius
405 2270 528 2333 Roma?
565 2272 702 2353 Scythico
726 2273 798 2353 quid
821 2275 932 2353 frigore
954 2267 1057 2353 peius?

219 2358 285 2421 lluo
307 2367 407 2421 tamon
430 2360 537 2421 exilia
560 2360 704 2422 barbarus
727 2360 802 2422 urbe
825 2361 918 2440 fugit.

176 2447 249 2508 Cum
272 2447 348 2510 bene
371 2451 411 2510 sit
433 2448 549 2510 clausae
572 2467 659 2510 eavea
681 2449 830 2510 Pandione
853 2456 956 2531 natae,
1045 2456 1078 2511 (¹³)

126 2547 161 2597 40
219 2536 332 2598 Nititur
354 2539 386 2598 in
410 2536 496 2598 silvas
518 2537 568 2598 illa
591 2537 689 2598 redire
713 2555 797 2600 suas.

174 2624 321 2685 Adsuetus
344 2627 423 2686 tauri
446 2625 560 2706 saltus,
583 2626 705 2687 adsueta
727 2625 828 2687 leones
846 2658 881 2670 -

219 2711 279 2771 Neo
302 2712 404 2774 feritas
427 2713 493 2774 illos
516 2713 640 2793 impedit
662 2747 696 2756 -
719 2723 803 2775 antra
825 2721 949 2793 petunt.

175 2798 221 2858 'lu
243 2806 342 2859 tamen
366 2800 446 2862 exilii
468 2819 585 2862 morsus
609 2820 625 2861 e
647 2809 769 2881 pectore
792 2809 896 2863 nostro

218 2885 370 2947 Fomentis
394 2907 495 2967 speras
519 2890 625 2950 cedere
647 2908 736 2970 posse
758 2892 836 2951 tuis.

126 2984 160 3034 45
174 2973 289 3054 Eliioe,
312 2993 364 3035 vos
387 2978 445 3055 ipsi
468 2995 505 3036 ne
528 2986 587 3038 tam
610 2977 684 3039 mihi
706 2980 772 3039 sitis
794 2978 929 3058 amandi,

218 3060 339 3124 'l'alihus
362 3071 396 3124 nt
419 3064 512 3125 levius
536 3067 575 3126 sit
598 3068 729 3128 caruisse
752 3066 882 3129 malum.

173 3149 212 3211 dt
224 3196 234 3230 ‚
256 3159 352 3234 puto,
376 3170 433 3231 qua
457 3154 569 3215 sueram
593 3156 734 3236 genitus,
755 3153 864 3216 tellure
886 3152 999 3216 baronti

217 3237 250 3299 ln
274 3248 372 3301 tamen
395 3241 524 3302 humano
548 3244 672 3322 contigit
694 3259 760 3305 esse
783 3241 867 3305 loeo.

175 3325 262 3387 Orbis
286 3330 316 3388 in
339 3331 465 3391 extremi
487 3331 568 3390 ieoeo
591 3331 728 3393 desertus
751 3330 890 3413 harenis,
922 3402 932 3408 ,

126 3419 160 3471 to
217 3412 289 3476 Fert
311 3416 362 3478 ubi
385 3426 545 3497 perpetuas
569 3418 675 3480 obruta
696 3428 777 3480 terra
800 3420 903 3480 nives.

173 3497 238 3561 Non
260 3519 330 3580 agor
353 3504 401 3566 hio
423 3523 566 3587 pomum,
589 3523 648 3568 non
672 3506 774 3569 dulees
798 3506 906 3569 educat
927 3503 1044 3581 herbas,
