2386 3892
383 195 432 246 111.
451 206 507 246 x1v
520 185 637 248 ii-IV.
656 199 724 248 1³3.

356 384 495 467 LIBllIl
523 384 748 471 QUARTUS.

538 567 566 640 I.

134 711 228 789 Siqua
250 709 328 770 meis
351 709 484 789 luerint,
507 716 541 769 ut
564 716 676 792 erunt,
698 711 802 770 villosa
825 707 948 791 libellis,

134 799 285 859 Excusata
308 814 362 857 suo
385 804 543 876 tempore,
566 795 682 878 lector,
709 796 802 858 lrabe.

134 885 212 946 Exul
235 902 319 946 eram
331 931 340 963 ,
360 888 543 963 requiesque
566 884 661 964 mihi,
683 903 743 946 non
767 886 842 945 lama
864 887 957 964 petita
980 893 1042 966 est,

135 974 219 1035 Mens
243 976 358 1034 intenta
381 975 445 1033 suis
468 990 505 1033 ne
529 973 606 1032 locet
628 991 724 1051 usque
748 972 849 1033 malls.

105 1061 199 1123 afloc
223 1069 292 1141 cst,
316 1078 370 1121 cur
389 1067 490 1121 cantet
511 1062 628 1121 rinctus
647 1079 766 1141 quoque
784 1060 926 1140 compede
946 1061 1059 1141 lassor,

137 1149 262 1211 Indocili
285 1166 411 1209 numero
434 1166 503 1209 cum
526 1166 614 1226 grave
638 1148 731 1210 mollit
752 1167 845 1228 opus.

137 1237 243 1298 Canlat
265 1244 296 1298 et
319 1238 450 1296 innitens
472 1235 593 1297 limosae
616 1253 729 1315 pronus
748 1240 895 1321 harenae,

137 1326 269 1386 Adverso
293 1324 407 1385 tardam
431 1326 482 1403 qui
505 1323 597 1385 trahit
619 1342 705 1384 amne
728 1332 840 1404 ratem3

137 1414 256 1493 Quique
279 1413 374 1472 refert
395 1414 508 1490 pariter
530 1411 627 1473 lentos
650 1411 686 1472 ad
709 1419 830 1489 pectora
853 1428 970 1493 remos,

89 1515 123 1563 10
138 1502 170 1563 ln
195 1518 353 1562 numerum
376 1499 462 1578 pulsa
484 1499 604 1560 brachia
627 1495 651 1578 †
672 1499 771 1579 pulsat
793 1516 886 1577 aqua.

138 1591 248 1651 Fessus
271 1598 306 1650 ut
328 1586 466 1648 incubuit
488 1587 619 1667 baculo,
643 1605 748 1648 saxove
772 1587 883 1648 resedit

138 1678 265 1758 Pastor,
288 1676 451 1737 arundineo
475 1677 605 1736 carmine
630 1676 740 1737 mulcet
762 1695 849 1737 oves.

139 1765 291 1826 Cantantis
314 1767 449 1843 pariter,
471 1766 584 1843 pariter
607 1764 672 1825 data
696 1783 788 1843 pensa
812 1763 957 1826 trahentis

138 1853 263 1915 FallItur
286 1852 409 1913 ancillae
432 1852 640 1931 decipiturque
663 1852 763 1914 labor.

91 1956 124 2003 15
140 1942 247 2003 Fertur
270 1950 301 2002 et
323 1940 450 2001 abducta
472 1939 634 2019 Lyrneside
656 1942 752 2002 tristis
774 1940 902 2003 Achilles

139 2030 300 2090 Haemonia
323 2046 410 2089 curas
434 2037 602 2089 attenuasse
625 2029 704 2109 lyra.

140 2118 213 2179 Cum
237 2117 370 2178 traheret
393 2115 480 2176 silvas
503 2116 644 2194 Orpheus
665 2126 695 2177 et
717 2116 793 2177 dura
816 2117 947 2179 canendo

141 2206 237 2288 Saxa,
260 2204 307 2266 bis
330 2207 436 2265 amissa
459 2207 584 2284 coniuge
608 2214 737 2266 maestus
761 2212 841 2266 erat.

140 2295 185 2354 lle
208 2311 329 2374 quoque
351 2291 434 2352 llusa
456 2292 533 2353 levat
555 2292 642 2353 Ponti
665 2293 727 2353 loca
750 2293 831 2353 iussa
853 2301 1023 2373 petentem:

93 2394 127 2443 20
141 2382 208 2442 Sola
231 2398 332 2442 comes
354 2388 472 2442 nostrae
497 2382 628 2459 perstitit
649 2379 697 2440 illa
722 2381 825 2460 lugae3

141 2469 208 2531 Sola
230 2487 287 2531 nec
309 2469 454 2549 insidias,
477 2468 555 2529 Sinti
577 2485 632 2528 nec
655 2467 757 2528 militis
781 2485 900 2548 ensem,

140 2557 201 2619 Nec
224 2576 327 2638 mare,
350 2575 406 2618 nec
428 2564 533 2618 ventos
557 2554 780 2633 barbariamque
803 2557 907 2617 timet.

141 2644 204 2708 Scit
227 2664 368 2727 quoque,
392 2663 460 2706 cum
482 2647 580 2725 perii,
604 2645 671 2724 quis
694 2661 740 2704 me
763 2642 914 2722 deceperit
936 2662 1040 2727 error,

140 2733 177 2795 Et
199 2734 316 2814 culpam
338 2735 370 2795 in
393 2734 492 2812 lacto,
515 2751 574 2794 non
598 2730 695 2793 scelus
718 2749 784 2794 esse
806 2749 897 2814 meo,

96 2833 126 2882 25
141 2821 261 2883 Scilicet
282 2822 339 2883 hoc
361 2825 426 2900 ipso
449 2838 530 2881 nunc
553 2840 667 2901 aequa,
691 2821 768 2901 quod
793 2819 888 2883 obluit
910 2832 996 2904 ante,

141 2911 214 2971 Cum
238 2928 353 2970 mecum
377 2910 472 2970 iuncti
494 2905 629 2970 criminis
652 2917 716 2970 acta
739 2928 789 2971 rea
813 2918 877 2972 cst.

139 2997 204 3058 Non
227 2997 364 3076 equidem
387 2996 491 3057 vellem
503 3043 512 3078 ,
536 3000 674 3076 quoniam
697 3002 832 3060 nocitura
855 2998 993 3079 luerunt,

140 3084 289 3147 Pieridum
313 3087 406 3146 sacris
428 3084 596 3163 inposuisse
621 3104 757 3148 manum.

141 3173 198 3235 Sed
221 3191 302 3234 nunc
321 3173 391 3253 quid
411 3169 545 3234 faciam?
576 3176 620 3235 vis
639 3192 685 3235 me
703 3181 785 3235 tenet
803 3176 867 3251 ipsa
886 3190 1056 3254 sacrorum,

96 3260 177 3323 3an
200 3279 320 3323 carmen
343 3260 465 3322 demens
488 3265 618 3323 carmine
641 3262 738 3322 laesus
761 3278 846 3325 amo.

141 3348 189 3411 Sic
212 3367 288 3411 nova
310 3349 444 3411 Dulichio
468 3348 544 3410 lotos
568 3356 683 3429 gustata
706 3347 801 3426 palato

141 3437 212 3520 lllo,
237 3456 297 3517 quo
320 3441 444 3516 nocuit,
467 3445 549 3515 grata
572 3453 677 3515 sapore
701 3435 774 3495 luit.

141 3526 236 3589 Sentit
259 3544 360 3586 amans
383 3544 436 3587 sua
454 3525 559 3586 damna
577 3525 662 3603 lere,
695 3531 791 3584 tamen
811 3522 914 3585 haeret
931 3518 962 3584 in
981 3522 1047 3601 illis,
