2386 3892
175 203 239 267 212
442 200 633 285 >trtrr1>0uro
653 194 699 255 Ν.
718 213 773 254 xv1
789 204 901 254 u-on,

263 367 435 446 Ingeniique
460 366 505 426 sui
529 365 626 425 dictus
650 367 824 443 cognomine
847 365 979 447 Largus,

308 454 416 515 Gallica
440 455 491 532 qui
513 452 674 531 Phrygium
698 452 782 513 duxit
804 455 836 513 in
859 471 928 516 arva
952 473 1074 517 senemt

265 543 382 621 Quique
401 544 480 602 canit
498 540 638 601 domitam
653 539 826 602 Camerinus
845 540 881 601 ab
900 541 1030 605 Hercule
1046 544 1170 606 Troiam:

217 644 250 692 20
309 630 425 708 Quique
449 646 502 690 sua
526 646 634 689 nomen
656 627 788 708 Phyllide
812 629 929 691 Tuscus
952 631 1077 694 habeta

265 719 444 797 Velivoliqne
467 720 556 777 maris
580 734 689 777 nomen
701 762 710 796 ,
734 718 783 777 cui
805 717 930 779 credere
953 721 1052 799 possis

309 806 445 867 Carmina
468 804 619 865 caeruleos
643 807 845 884 composuisse
868 804 959 869 deos:

266 895 383 973 Quique
407 896 484 954 acies
509 892 632 973 Libycas
656 893 845 972 Romanaque
868 895 982 973 proelia
1004 895 1095 957 dixit:

309 982 347 1042 Et
370 982 502 1062 Marius,
526 983 629 1059 scripti
651 980 755 1049 dexter
776 984 809 1041 in
831 999 918 1043 omne
941 1001 1055 1062 genus:

217 1084 250 1132 25
265 1071 496 1148 Trinacriusque
520 1086 590 1129 suae
613 1068 771 1129 Perseidos
794 1078 920 1150 auctor,
944 1082 975 1132 et
998 1080 1100 1134 auctor

311 1157 479 1217 Tantalidae
502 1157 620 1217 reducis
644 1156 886 1238 Tyndaridosque
910 1157 1031 1239 Lupus:

266 1246 304 1308 Et
327 1250 378 1325 qui
400 1246 562 1306 Maeoniam
585 1244 747 1305 Phaeacida
770 1249 882 1320 vertit,
905 1257 936 1307 et
959 1265 1018 1308 una

309 1334 481 1395 Pindaricae
505 1333 611 1394 fidicen
634 1340 667 1394 tu
691 1351 832 1415 quoque,
855 1335 955 1417 Rufe,
977 1335 1076 1415 lyrae:

267 1423 409 1502 Musaque
432 1423 560 1483 Turrani
583 1423 703 1500 tragicis
727 1424 827 1482 innixa
850 1423 1023 1506 cothurnis,

220 1524 253 1574 30
311 1511 349 1571 Et
372 1519 423 1571 tua
446 1529 514 1571 cum
538 1527 624 1570 socco
647 1508 752 1589 Musa,
776 1509 893 1571 Melissa
906 1559 916 1593 ,
938 1511 1014 1572 levi.

268 1598 341 1659 Cum
365 1598 459 1659 Varus
481 1598 692 1676 Gracchusque
716 1596 821 1658 darent
848 1599 912 1659 fera
935 1599 1014 1660 diota
1037 1602 1171 1679 tyrannis,

313 1686 482 1747 Callimachi
505 1686 649 1773 Prqculus
672 1685 900 1747 molleteneret
922 1689 999 1748 iter:

269 1773 390 1852 Tityron
415 1777 550 1852 antiquas
573 1791 735 1852 passerque
758 1773 871 1835 rediret
894 1774 930 1835 ad
953 1774 1079 1857 herbas,
1141 1801 1170 1817 ⁴

312 1861 447 1939 Aptaque
471 1865 589 1921 venanti
612 1861 730 1922 Gratius
754 1879 834 1922 arma
857 1861 958 1924 daret:

220 1961 254 2010 35
269 1949 376 2009 Naidas
399 1968 415 2009 a
439 1953 545 2028 satyris
569 1959 689 2010 caneret
711 1950 861 2010 Fontanus
885 1958 1014 2031 amatas,

314 2037 471 2097 Clauderet
493 2037 655 2114 imparibus
680 2036 768 2096 verba
791 2036 907 2116 Capella
929 2038 1042 2099 modis.

269 2124 402 2202 Cumque
426 2126 523 2184 forent
541 2125 611 2204 alii,
630 2142 757 2203 quorum
775 2124 848 2185 mihi
872 2133 979 2186 cuncta
1001 2127 1113 2187 referre
1127 2136 1171 2189 uto

313 2213 439 2272 Nomina
461 2211 548 2289 longa
571 2230 653 2272 mora
676 2220 722 2272 est
735 2260 743 2292 ,
767 2214 896 2274 carmina
919 2213 1025 2292 vulgus
1048 2213 1145 2292 habet3

270 2299 378 2361 Essent
401 2302 598 2381 elimenes,
621 2318 748 2379 quorum
771 2301 850 2379 quod
873 2301 984 2362 inedita
1006 2319 1078 2364 cura
1100 2311 1153 2379 est,

221 2401 255 2450 40
309 2388 557 2468 Adpellandornm
581 2388 623 2447 nil
646 2388 718 2447 mihi
741 2390 815 2448 iuris
839 2387 938 2451 adest.

270 2476 311 2538 Te
335 2479 486 2537 tamenin
509 2475 596 2536 turba
619 2493 678 2535 non
702 2479 818 2558 ausim,
841 2477 926 2538 Cotta
938 2525 948 2558 ‚
971 2477 1075 2560 silere,

315 2566 465 2626 Pieridum
489 2565 588 2624 lumen
611 2565 850 2643 praesidiumque
874 2567 949 2646 lori,

270 2652 420 2713 Maternos
444 2653 543 2713 Cottas
567 2654 616 2712 cni
638 2652 846 2731 Messallasque
869 2661 1010 2732 paternos

315 2741 438 2800 Maxima
461 2740 599 2801 nobilitas
622 2743 800 2818 ingeminata
823 2740 921 2803 dedit.

223 2837 257 2886 45
272 2827 376 2887 Dicere
400 2831 425 2887 si
448 2829 491 2888 fas
515 2836 583 2904 est,
606 2828 684 2888 claro
707 2847 773 2889 mea
796 2832 915 2891 nomine
938 2830 1022 2893 Musa

316 2914 411 2992 Atque
434 2917 512 2975 inter
535 2925 631 2977 tantos
655 2935 731 2995 quae
754 2917 925 2999 legeretur,
948 2926 1029 2979 erat.

272 3001 350 3080 Ergo
375 3011 553 3063 summotum
576 3007 671 3083 patria
693 3004 909 3086 proscindere,
932 3005 1037 3089 Livor,

316 3093 449 3170 Desine,
473 3109 531 3151 neu
555 3095 671 3152 cineres
695 3110 823 3173 sparge,
847 3103 971 3156 eruente
984 3142 993 3175 ‚
1016 3111 1107 3155 meos.

273 3179 378 3239 Omnia
401 3181 601 3257 perdidimus:
632 3181 834 3241 tantummodo
857 3185 916 3243 vita
939 3182 1042 3244 relicta
1064 3189 1119 3258 est,

226 3276 258 3325 50
317 3266 461 3327 Praebeat
483 3275 517 3328 ut
540 3287 660 3328 sensum
684 3271 896 3348 materiamque
920 3271 1005 3331 mali.

275 3354 350 3422 Quid
374 3357 454 3415 iuvat
478 3357 622 3416 extinctos
646 3357 759 3416 ferrum
783 3357 940 3419 demittere
962 3361 994 3419 in
1016 3351 1116 3418 artus?

318 3440 383 3499 Non
407 3441 496 3503 habet
518 3446 549 3503 in
572 3443 657 3503 nobis
680 3447 738 3503 iam
760 3462 835 3506 nova
857 3446 943 3526 plaga
965 3447 1076 3507 locum.
