2386 3892
91 192 135 257 30
505 192 677 242 uersurum

180 353 235 415 llio
258 352 343 414 sedet
364 355 465 431 ignoto
488 355 588 412 iuncta
610 352 707 430 puella
730 353 811 414 viro.

115 453 166 504 285
182 442 256 503 Cum
280 441 422 520 quaedam
446 442 609 520 spatientur
630 442 661 500 in
684 440 762 519 hoo,
784 445 819 500 ut
842 445 955 500 amator
977 438 1078 500 eodem

181 529 364 607 Conveniat,
386 546 478 606 quare
502 529 635 606 porticus
658 527 717 588 ulla
739 523 848 606 patet?

182 617 256 687 Quis
274 617 357 676 locus
376 624 422 676 est
439 615 557 693 templis
576 611 759 694 augustior?
781 614 855 675 haec
873 631 992 693 quoquc
1010 615 1078 675 vitet

182 704 216 765 ln
239 704 354 783 crdpam
378 706 462 782 siqua
486 711 531 764 est
553 704 706 781 ingeniosa
728 701 829 763 suaml

183 790 258 852 Cum
281 793 397 853 steterit
418 790 495 850 lovis
519 789 613 871 aede,
635 789 712 850 lovis
735 797 894 851 succurret
915 791 947 850 iu
970 790 1057 869 aede,

117 878 278 949 attollerem
302 879 408 938 multas
432 887 542 938 matres
565 878 671 938 iecerit
692 877 741 938 ille
765 878 856 937 deus.

181 967 318 1027 Proxima
341 967 474 1026 adoranti
496 964 618 1026 lunonis
640 965 748 1044 templa
772 963 906 1045 subibit,

181 1053 349 1114 Paelicibus
371 1053 472 1114 multis
496 1053 571 1113 hanc
594 1051 724 1114 doluisse
747 1051 849 1113 deam.

183 1141 299 1202 Pallade
323 1148 481 1220 conspecta
493 1187 503 1219 ,
525 1149 628 1201 natum
650 1139 687 1200 de
711 1141 835 1201 crimine
857 1141 941 1218 virgo

183 1227 343 1290 Sustulerit
365 1246 479 1307 quare,
506 1237 652 1309 quaeret,
674 1226 918 1288 Erichthonium.
940 1252 945 1256 ·

118 1328 168 1377 005
182 1316 303 1377 Venerit
325 1319 356 1377 in
380 1319 478 1394 magni
500 1316 665 1395 templum,
688 1323 739 1376 tua
761 1332 885 1376 munera
897 1360 907 1395 ‚
929 1314 1048 1395 Martis,

184 1403 248 1465 Stat
271 1403 370 1466 Venus
393 1403 489 1464 Ultori
510 1406 632 1482 iuncta,
655 1405 791 1464 virente
814 1403 913 1463 tores.

182 1490 268 1551 lsidis
292 1491 363 1551 aede
387 1491 517 1570 sedens,
541 1508 595 1551 our
618 1489 693 1550 hanc
718 1490 877 1570 Saturnia,
901 1498 1039 1570 quaeret,

182 1577 286 1657 Egerit
307 1577 389 1638 lonio
412 1577 636 1657 Bosphorioque
660 1575 760 1639 mari?

182 1664 215 1724 ln
239 1664 383 1725 Venerem
406 1665 571 1746 Anchises,
594 1667 626 1726 in
648 1665 762 1726 Lunam
784 1665 916 1726 Latmius
938 1665 1043 1746 heros,

117 1752 216 1813 30010
240 1752 379 1813 Cererem
401 1752 497 1812 lasion
509 1799 519 1832 ‚
543 1754 595 1830 qui
616 1753 786 1833 referatur,
809 1755 883 1814 erit.

183 1839 289 1899 Omnia
310 1857 464 1918 perversas
487 1846 613 1918 possunt
635 1858 827 1919 corrumpere
850 1847 984 1922 mentes;

184 1927 270 1987 Stant
293 1933 390 1987 tamen
412 1927 461 1987 illa
484 1930 546 1988 suis
570 1930 667 1988 omnia
690 1935 753 1988 tuta
775 1927 869 1988 locis.

182 2013 221 2074 Et
243 2013 347 2092 procul
370 2033 386 2074 a
410 2017 519 2093 scripta
541 2015 612 2075 solis
634 2015 842 2076 meretricibus
865 2017 935 2076 Arte

185 2100 356 2163 Summovet
377 2104 519 2180 ingenuas
542 2104 647 2181 pagina
669 2105 764 2181 prima
787 2121 909 2163 manus.

118 2200 169 2249 305
184 2188 394 2268 Quaecumque
418 2192 538 2268 erupit,
562 2207 619 2268 qua
642 2207 702 2250 non
725 2193 796 2251 sinit
818 2193 862 2251 ire
886 2190 1036 2270 sacerdos,

183 2277 323 2337 Protinus
345 2277 415 2336 huic
438 2277 549 2356 dempti
572 2279 703 2338 oriminis
726 2280 789 2357 ipsa
811 2296 863 2339 rea
886 2286 948 2340 est.

183 2363 244 2424 Neo
268 2371 366 2425 tamen
389 2373 435 2424 est
456 2364 593 2446 facinus,
616 2383 720 2425 versus
743 2364 878 2426 evolvere
901 2366 1012 2446 mollis,

120 2471 121 2474 ¹
182 2451 273 2512 Multa
295 2452 366 2513 licet
389 2462 485 2513 castae
508 2470 567 2512 non
591 2453 723 2513 iacienda
745 2453 864 2532 legant.

184 2539 277 2619 Saepe
301 2539 453 2619 supercilii
475 2539 569 2600 nudas
591 2546 725 2600 matrona
748 2543 845 2601 severi

118 2638 170 2687 310
184 2626 222 2686 Et
244 2631 361 2688 veneris
384 2629 489 2688 stantis
512 2627 549 2687 ad
570 2644 665 2706 genus
688 2646 774 2689 omne
798 2628 897 2690 videt.

184 2713 315 2792 Corpora
337 2714 469 2775 Vestales
492 2713 570 2775 oculi
592 2718 760 2776 meretricia
783 2724 927 2797 cernunt,

183 2801 244 2861 Nec
268 2801 386 2861 domino
409 2819 592 2880 poenaeres
615 2820 649 2863 ea
672 2821 760 2864 carrea
783 2805 855 2864 luit.

124 2939 126 2943 .
183 2889 220 2947 ht
243 2906 297 2948 cur
320 2891 350 2947 in
374 2895 475 2948 nostra
498 2891 587 2949 nimia
610 2897 656 2951 est
677 2890 796 2951 lascivia
818 2890 919 2971 Musa,

183 2975 279 3036 Curre
302 2993 386 3035 meus
410 2979 547 3054 cuiquam
570 2977 674 3038 suadet
697 2995 794 3039 amare
816 2974 919 3039 liber?

118 3075 168 3123 315
183 3062 230 3123 Nil
253 3065 311 3123 nisi
333 3070 488 3142 peccatum
511 3067 725 3144 manifestaque
749 3065 834 3146 ctdpa
856 3064 972 3126 fatenda
994 3067 1047 3122 est:

129 3189 135 3199 -
182 3151 317 3211 Paenitet
338 3153 450 3229 ingenii
472 3150 634 3231 iudiciique
657 3155 733 3214 mei.

184 3239 244 3299 Cirr
267 3257 326 3299 non
351 3238 495 3317 drgohois
517 3242 617 3318 potius
641 3258 716 3318 quae
739 3241 868 3301 concidit
890 3241 978 3300 armis

183 3325 301 3387 Vexata‘
315 3334 361 3388 est
382 3329 492 3387 iterum
516 3330 645 3387 carmine
669 3327 757 3387 Troia
779 3324 872 3388 meo?

184 3412 245 3473 Cur
267 3416 346 3474 tacui
368 3414 485 3474 Thebas
508 3424 539 3475 et
561 3413 684 3475 vulnera
702 3423 810 3485 mutua
832 3416 974 3493 fratrum,

184 3498 223 3559 Et
246 3507 360 3578 septem
382 3510 483 3580 portas
496 3548 506 3583 ‚
529 3501 584 3562 sub
608 3500 683 3562 duce
708 3520 855 3581 quamque
878 3497 959 3564 suo?
