2386 3892
423 185 458 236 11.
478 187 625 237 aro-eos.
957 184 1023 250 243

111 345 230 424 lamque
253 364 357 407 nemus
381 346 486 405 Raoclri
499 392 508 426 ,
531 346 626 407 Tmoli
650 350 767 427 vineta,
790 348 926 430 tenebat,

156 434 304 513 Hesperos
328 444 357 494 et
380 435 463 494 lusco
486 435 621 495 roscidus
644 436 704 495 ibat
727 455 821 515 equo.

63 532 95 581 15
111 522 201 582 Antra
225 520 306 581 subit
328 522 393 581 tofis
416 522 550 599 laqueata
573 532 602 583 et
625 525 740 601 pumice
763 525 845 604 riv03

156 608 297 668 Garrulus
320 611 350 667 in
374 611 468 686 primo
492 609 592 668 limine
616 613 697 670 rivus
720 618 799 671 erat.

110 697 245 774 Dumque
268 705 372 774 parant
395 696 497 774 epulas
519 697 703 775 potandaque
727 701 792 758 vina
815 698 959 778 ministri,

156 783 290 844 Cultibus
313 782 433 842 alciden
456 785 577 843 instruit
599 782 646 842 illa
670 786 749 845 suis.

111 871 165 931 Dat
189 873 286 930 tenuis
309 873 424 930 tunicas
448 870 569 930 Gaetulo
593 874 706 930 murice
729 874 852 951 tinctas,

62 971 95 1020 20
155 958 209 1018 Dat
233 966 355 1018 teretem
378 976 502 1037 zonam,
525 976 582 1035 qua
605 959 691 1018 modo
715 961 810 1020 cincta
833 960 906 1020 suit.

110 1044 218 1105 Venire
241 1048 337 1105 minor
360 1063 431 1106 zona
454 1053 522 1125 est3
545 1047 712 1106 tunicarum
734 1047 828 1107 vincla
851 1047 978 1128 relaxat,

156 1133 194 1193 Ut
216 1142 317 1211 posset
339 1143 434 1192 vastas
458 1135 608 1193 exeruisse
631 1151 753 1194 manus.

110 1219 251 1297 Fregerat
273 1220 400 1279 armillas
425 1239 483 1280 non
505 1219 554 1279 illa
577 1220 611 1279 ad
637 1220 754 1280 brachia
778 1222 887 1303 lactas,

155 1307 333 1368 Scindebant
356 1310 453 1386 magni
476 1307 590 1367 vincula
614 1325 702 1387 parva
724 1308 832 1386 pedes.

62 1407 94 1456 25
109 1395 176 1473 lpsa
199 1397 276 1473 capit
298 1394 466 1477 clavamque
489 1412 606 1473 gravem
630 1395 814 1473 spoliumque
839 1395 933 1457 lconis

154 1481 335 1560 Conditaque
358 1485 388 1542 in
411 1482 549 1562 pharetra
572 1481 629 1542 tela
652 1485 765 1542 minora
788 1500 858 1543 sua.

110 1570 159 1629 Sic
183 1570 276 1648 epulis
299 1571 393 1630 iuncti
416 1573 459 1630 sio
482 1570 553 1629 dant
575 1588 628 1630 sua
652 1587 776 1649 corpora
800 1588 920 1650 somno,

154 1656 191 1716 lit
213 1659 317 1736 positis
340 1660 420 1717 iuxta
444 1657 608 1718 secubuere
631 1660 721 1717 toris.

110 1743 225 1824 Causa,
248 1747 395 1823 repertori
417 1747 485 1805 vitis
508 1747 577 1824 quia
599 1762 681 1805 sacra
704 1743 864 1826 parabant,

60 1844 93 1892 30
153 1831 234 1901 Quae
257 1833 388 1892 lacerent
411 1850 484 1910 pure
497 1877 507 1912 ,
530 1850 598 1893 cum
621 1833 698 1892 soret
721 1840 785 1893 orta
808 1833 888 1893 dies.

109 1918 212 1979 Noctis
235 1927 300 1979 erat
321 1919 472 1979 medium.
509 1918 580 1998 quid
603 1937 663 1979 non
686 1937 767 1979 amor
789 1919 941 1999 improbus

652 2003 770 2068 audet?

152 2092 278 2154 Roscida
301 2111 355 2172 per
377 2092 515 2154 tenebras
538 2093 657 2155 Faunus
680 2094 715 2154 ad
739 2100 822 2155 antra
844 2096 941 2156 venit.

108 2179 205 2260 thue
229 2180 309 2240 videt
331 2184 452 2242 comites
476 2198 580 2241 somno
603 2184 730 2258 vinoque
754 2181 884 2264 solutos,

154 2268 243 2346 Spem
267 2270 345 2346 capit
367 2272 396 2328 in
420 2268 548 2329 dominis
571 2285 636 2328 esse
660 2270 775 2347 soporis
798 2269 893 2330 idem.

60 2368 92 2418 35
107 2355 201 2416 Intrat
213 2401 223 2435 ,
246 2363 276 2415 et
298 2355 357 2416 buc
379 2355 449 2416 illuc
472 2357 648 2416 temerarius
671 2362 752 2415 errat
774 2354 906 2430 adulter,

152 2442 190 2503 Et
212 2442 342 2522 praefert
365 2450 465 2505 cautas
488 2443 740 2521 subsequiturque
763 2458 884 2504 manus.

106 2530 233 2590 Venerat
256 2528 291 2589 ad
315 2535 400 2592 strati
423 2539 536 2610 captata
556 2529 663 2591 cubilia
685 2530 772 2610 lecti,
975 2541 1020 2592 (⁴9)

152 2617 189 2678 Et
211 2616 281 2677 felix
304 2621 397 2697 prima
421 2620 498 2679 forte
521 2618 640 2679 iuturus
663 2625 743 2678 erat.

107 2705 146 2767 Ut
168 2707 266 2783 tetigit
288 2705 360 2767 lulvi
383 2708 472 2767 saetis
494 2706 608 2767 hirsuta
632 2705 726 2765 leonis

60 2806 93 2855 4ο
151 2792 287 2874 Vellera,
309 2796 463 2873 pertimuit
485 2795 685 2872 sustinuitque
708 2809 844 2854 manum.

108 2879 330 2959 [Attonitusque
354 2890 435 2942 metu
458 2881 567 2962 rediit,
590 2889 624 2941 ut
647 2897 734 2959 saepe
757 2882 850 2942 viator

151 2966 315 3029 Turbatum
338 2972 400 3029 viso
423 2969 538 3029 rettulit
561 2985 655 3048 angue
679 2966 817 3047 pedem]

106 3055 177 3115 lnde
202 3059 281 3138 tori,
306 3058 357 3134 qui
379 3058 500 3117 iunctus
523 3065 608 3137 erat,
631 3054 773 3117 velamina
786 3055 888 3133 ⁸tangit

150 3142 269 3224 llollia,
292 3144 426 3204 mendaci
448 3143 653 3222 decipiturque
676 3151 764 3202 nota.

60 3231 269 3311 conscendit,
291 3231 461 3309 spondaque
485 3230 541 3291 sibi
563 3231 702 3311 propiore
724 3223 887 3303 recumbit,

151 3316 188 3378 Et
211 3319 357 3379 tumidum
381 3336 474 3378 cornu
497 3318 602 3378 durius
623 3319 734 3392 inguen
757 3318 840 3373 erat.

106 3405 223 3466 Interea
247 3408 361 3466 tunicas
384 3423 436 3464 ora
460 3405 598 3466 subducit
620 3401 656 3461 ab
679 3403 754 3460 ima:

150 3492 319 3553 llorrebant
340 3492 441 3552 densis
463 3508 567 3571 aspera
589 3504 677 3550 crura
699 3487 782 3567 pilis.

809 3581 862 3642 lb*
