2386 3892
149 160 213 224 194
556 164 604 213 EX
622 162 741 214 PONTO

281 325 398 406 Verba,
422 326 502 387 velut
524 327 640 404 tinguat
663 324 801 405 singula,
824 326 906 386 virus
930 325 1057 389 habent.

189 425 222 474 35
238 413 380 475 Hostibus
405 417 540 494 eveniat,
564 431 652 492 quam
676 417 716 473 sis
740 413 886 474 violentus
910 415 940 474 in
965 417 1073 496 armis,

282 501 399 562 Sentice
423 510 453 562 et
476 501 592 579 linguae
616 501 673 562 tela
698 500 798 562 subire
823 509 907 562 tuae.
1062 571 1066 577 ¹

240 589 321 659 Quae
345 589 399 650 tihi
423 597 480 650 tam
504 591 587 649 tenui
611 608 682 650 cura
705 589 845 649 limantur
858 634 867 669 ,
890 596 925 650 ut
947 607 1052 651 omnes

283 676 372 738 lstius
396 679 546 756 ingenium
567 679 705 756 'corporis
729 695 794 737 esse
819 686 945 755 negent.

238 765 274 824 At
297 768 412 844 siquem
435 765 510 825 laedi
534 765 653 826 fortuna
676 766 774 826 cernis
797 766 917 844 iniqua,

189 863 224 912 4ο
283 852 398 913 Mollior
422 861 467 913 est
490 854 586 913 animo
610 854 718 914 semina
741 850 821 913 nulla
843 862 914 913 tuo.

239 939 301 1000 lloc
325 958 379 1018 ego
402 943 561 1020 praecipue
586 943 665 1001 sensi
678 987 687 1022 ‚
711 957 778 1001 oiim
802 957 906 1019 magna
928 957 1065 1003 meorum
1164 972 1168 981 ·

284 1027 423 1089 Notitiam
446 1046 515 1107 pars
539 1037 584 1088 est
607 1030 730 1088 infitiata
754 1030 828 1089 mei.
895 1077 898 1082 .

238 1113 387 1175 Inmemor
410 1115 550 1194 illorum,
574 1118 665 1176 vestri
688 1107 748 1176 non
771 1117 917 1176 inmemor
940 1135 1098 1198 umquam,

284 1202 340 1273 Qui
365 1201 439 1263 mala
462 1203 581 1264 solliciti
604 1211 704 1264 nostra
727 1204 851 1283 levatis,
875 1221 944 1265 ero.

189 1303 222 1350 45
237 1289 275 1350 Et
298 1293 381 1369 prius
404 1291 452 1352 hic
475 1293 600 1352 nimium
622 1291 708 1351 nobis
730 1293 934 1352 conterminus
956 1291 1059 1354 Hister
1098 1305 1152 1358 (11⁸)

223 1453 226 1460 ,
282 1378 315 1438 ln
339 1389 428 1457 caput
450 1378 565 1440 Euxino
589 1379 625 1439 de
648 1397 729 1439 mare
752 1386 849 1439 vertet
871 1381 946 1459 iter,

237 1466 334 1545 thue
358 1467 521 1547 Thyesteae
546 1467 667 1528 redeant
690 1470 715 1527 si
739 1476 871 1546 tempora
895 1484 1034 1550 mensae,

283 1554 360 1614 Solis
384 1555 419 1615 ad
444 1573 511 1615 eoas
535 1574 641 1616 currus
665 1563 769 1634 agetur
792 1572 900 1634 aquas,

238 1641 332 1713 Quam
351 1645 506 1721 quisquam
525 1652 675 1724 vestrum,
690 1645 741 1721 qui
756 1660 802 1703 me
819 1641 956 1704 doluistis
973 1643 1152 1726 ademptum,

190 1741 224 1790 ao
283 1731 394 1807 Arguat
416 1732 564 1809 ingratum
588 1749 647 1791 non
670 1732 840 1791 meminisse
862 1732 927 1792 sui.

613 1922 691 1995 VII.

237 2077 344 2139 Missus
368 2097 400 2139 es
423 2079 552 2140 Euxinas
576 2083 738 2162 quoniam,
760 2081 907 2163 Vestalis,
935 2083 972 2143 ad
1000 2084 1111 2165 undas,

281 2165 320 2227 Ut
342 2169 447 2245 positis
470 2168 576 2229 reddas
600 2172 665 2229 iura
689 2168 744 2230 sub
768 2188 821 2231 axe
844 2170 934 2252 leole,

237 2254 353 2333 Aspicis
377 2273 413 2316 en
437 2273 578 2334 praesens
591 2303 600 2336 ,
624 2257 703 2335 quali
725 2260 872 2319 iaceamus
895 2261 926 2319 in
950 2276 1039 2341 arro,

282 2342 342 2403 Nec
366 2361 413 2403 me
436 2347 521 2405 testis
545 2347 604 2405 eris
627 2345 698 2405 laisa
722 2345 817 2406 solere
840 2348 944 2424 queri,

208 2429 367 2492 eAccedet
389 2435 455 2493 voci
477 2451 532 2512 per
554 2441 584 2493 te
607 2451 666 2493 non
689 2435 774 2494 irrita
797 2441 934 2514 nostrae,

281 2519 395 2598 Alpinis
418 2523 533 2581 iuvenis
556 2519 677 2598 regibus
700 2529 765 2581 orte
778 2568 787 2600 ,
809 2521 900 2582 fides.

237 2606 303 2685 lpse
327 2607 408 2668 vides
432 2618 512 2669 certe
536 2607 627 2686 glacie
651 2626 845 2670 concrescere
868 2609 1014 2691 Pontum,

281 2695 347 2773 lpse
372 2696 453 2756 vides
475 2695 570 2774 rigido
595 2698 700 2756 stantia
723 2699 790 2757 vina
813 2696 898 2777 gelu3
1008 2724 1016 2743 ·

238 2780 304 2859 lpse
328 2783 431 2863 vides,
455 2793 576 2844 onerata
599 2784 680 2844 ferox
705 2792 739 2845 ut
762 2785 850 2845 ducat
872 2785 957 2864 Iazyx

192 2881 224 2928 10
282 2868 340 2928 Per
363 2871 473 2930 medias
497 2871 590 2931 Histri
613 2872 743 2950 plaustra
766 2871 914 2933 bubulcus
938 2890 1048 2952 aquas.

238 2955 354 3034 Aspicis
378 2965 409 3016 ot
431 2960 507 3018 mitti
531 2958 586 3018 suh
610 2959 724 3021 adunco
748 2962 844 3020 toxica
867 2960 965 3040 ferro,

281 3044 320 3105 Et
342 3043 433 3105 telum
458 3063 560 3106 causas
583 3050 688 3108 mortis
712 3046 821 3108 habere
845 3048 934 3108 duas.

239 3134 335 3211 Atque
359 3135 472 3193 utinam
495 3152 563 3212 pars
587 3134 659 3196 haec
682 3143 797 3196 tantum
821 3143 952 3215 spectata
974 3135 1095 3216 luisset,

282 3221 346 3280 Non
371 3223 458 3281 etiam
482 3224 602 3300 proprio
627 3226 743 3302 cognita
766 3222 858 3284 Marte
883 3221 953 3285 tibi!

192 3317 223 3366 15
238 3306 373 3368 Tendisti
396 3308 431 3369 ad
455 3312 583 3387 primum
606 3329 660 3390 per
683 3311 773 3370 densa
796 3311 928 3390 pericula
952 3311 1061 3393 pilum,

282 3394 411 3473 Contigit
434 3415 470 3457 ex
492 3400 598 3458 merito
623 3400 674 3477 qui
697 3397 751 3459 tibi
773 3416 870 3477 nuper
893 3398 1005 3461 honor.

239 3479 284 3540 Sit
306 3481 376 3542 licet
397 3483 446 3543 hic
469 3484 574 3545 titulus
596 3485 691 3564 plenis
715 3484 769 3546 tibi
791 3485 939 3548 fructibus
961 3489 1081 3568 ingens,
1094 3498 1143 3550 (11⁹)
