2386 3892
90 192 155 258 338
498 191 691 244 unsuonuu

114 369 165 421 195
179 356 258 419 Haec
276 355 429 416 hominum
448 357 628 416 monimenta
641 361 764 435 petent.
796 355 823 415 si
841 352 984 435 quaeritis
1001 361 1077 436 astro,

223 443 308 507 Tunc
331 446 428 504 oritur
451 445 550 524 magni
571 460 697 523 praepes
720 440 835 504 adunca
856 440 953 504 lovis.

515 578 546 646 2.
569 578 668 660 [Au]

179 707 302 768 Postera
323 706 374 768 lux
398 704 536 787 Hyadas,
558 703 705 767 Taurinae
729 714 842 767 cornua
865 704 991 789 ironiis,

223 794 334 856 Evocat
345 842 355 876 ‚
379 804 409 856 ct
432 794 523 856 multa
547 802 627 855 terre
650 792 794 856 madescit
818 810 914 874 aqua.

537 932 568 996 3.
590 929 651 996 Bu

180 1060 264 1121 Mane
287 1056 340 1120 uhi
361 1058 407 1119 bis
431 1058 521 1120 inerit
533 1103 542 1136 ,
564 1055 763 1137 Phoebusque
786 1058 940 1119 iteraverit
959 1064 1037 1120 ortus

114 1161 166 1210 too
224 1147 371 1225 Factaque
395 1147 453 1206 erit
474 1147 572 1224 posito
594 1162 663 1206 rore
686 1144 733 1206 his
756 1144 816 1207 uda
839 1158 945 1228 seges,

180 1233 241 1296 Hac
265 1243 378 1296 sacrata
401 1234 447 1295 die
471 1232 569 1295 Tusco
591 1232 712 1295 Bellona
734 1232 834 1294 duello

224 1323 361 1403 Dicitur,
384 1331 414 1384 et
436 1320 519 1383 Latio
542 1334 687 1401 prospera
709 1334 828 1402 semper
851 1320 953 1383 adest.

181 1413 294 1492 Appius
316 1419 363 1472 est
385 1418 511 1491 auctor,
534 1408 647 1488 Pyrrho
670 1412 723 1488 qui
745 1424 818 1489 pace
841 1412 947 1489 negata

225 1499 350 1561 Muitum
374 1501 471 1560 animo
494 1496 588 1579 vidit,
610 1496 723 1558 lumine
746 1504 852 1578 captus
875 1503 957 1558 erat.

116 1601 167 1651 205
182 1588 329 1668 Prospicit
352 1605 368 1647 a
390 1585 500 1665 templo
524 1601 673 1647 summum
695 1584 795 1646 brevis
818 1594 888 1647 areo
910 1584 1039 1663 Gittum,

225 1676 279 1737 Est
301 1675 344 1735 ibi
366 1692 426 1735 non
449 1691 555 1754 parvae
579 1690 668 1753 parra
691 1673 828 1735 columna
848 1680 957 1735 notae:

182 1763 258 1824 iiiuc
282 1762 357 1823 soiet
379 1763 464 1824 hasta
484 1776 597 1843 manu,
619 1760 691 1823 belii
713 1763 891 1842 praenuntia
903 1809 912 1842 ,
933 1762 1025 1841 mitti,

226 1850 260 1912 ln
282 1862 384 1929 regem
408 1858 564 1929 cogentes
587 1866 656 1911 oum
678 1848 775 1929 placet
796 1864 879 1912 armo
901 1850 985 1931 cepi.

542 1987 573 2053 4.
595 1985 653 2060 00

139 2158 144 2166 .
182 2114 280 2175 Altera
302 2130 372 2193 pars
395 2110 475 2174 Circi
497 2111 627 2175 Custode
650 2111 706 2174 sub
728 2108 858 2174 Hercule
882 2119 948 2175 tuta
968 2117 1028 2173 cett

116 2216 168 2264 ato
227 2201 312 2272 Quod
335 2202 409 2263 deus
431 2200 564 2263 Euboico
587 2203 717 2263 carmine
740 2216 850 2263 munus
872 2198 979 2263 habet.

182 2291 313 2353 Muneris
337 2297 383 2351 est
405 2297 523 2369 tempus
535 2336 544 2370 ,
568 2291 620 2369 qui
642 2287 740 2350 Nonas
764 2287 871 2350 lucifer
893 2294 962 2351 ante
984 2293 1042 2350 cst:

152 2373 157 2384 '
228 2379 260 2440 Si
282 2377 400 2440 titulum
424 2375 652 2471 queris‚'Suila
674 2376 810 2456 probarit
832 2390 931 2456 opus.
953 2422 962 2431 .

495 2513 525 2580 5.
547 2512 577 2577 D
597 2511 699 2580 NON

183 2640 388 2724 Quaerebam,
410 2641 509 2703 Nonus
533 2641 651 2722 Sanco,
673 2638 797 2702 Fidione
819 2640 983 2720 referrem,

227 2730 272 2791 dn
295 2729 371 2811 tibi,
395 2729 482 2792 Semo
506 2739 612 2808 pater.
654 2734 717 2789 tum
739 2727 813 2789 mihi
835 2726 950 2790 Sancus
973 2727 1027 2788 tit:

119 2830 168 2879 215
184 2812 383 2896 ‘Cuicumque
407 2836 444 2880 ex
466 2820 532 2879 istis
555 2817 695 2897 dederis,
718 2833 773 2896 ego
796 2832 908 2878 munus
929 2813 1055 2877 habebo.

228 2905 352 2966 Nomina
375 2912 460 2967 terna
482 2906 569 2967 iero.
610 2907 653 2966 sie
676 2902 796 2965 voluere
818 2898 950 2966 Cures!

184 2993 271 3056 Hunc
293 2995 384 3074 igitur
406 3001 523 3055 veteres
545 2994 694 3054 donarent
716 2992 787 3054 aede
811 2991 933 3075 Sabini,

228 3083 320 3164 Inque
345 3081 490 3152 Quirinali
514 3083 696 3143 constituere
720 3081 808 3160 iugo.

541 3219 569 3283 6.
591 3216 658 3289 EN

187 3344 241 3406 Est
268 3347 398 3407 mihi-
421 3348 541 3427 sitque,
569 3362 698 3425 precor,
725 3343 837 3447 nostris
866 3340 1030 3412 diuturnior

121 3527 172 3576 220
231 3517 325 3600 Filia,
349 3539 406 3600 qna
430 3521 499 3582 ielis
523 3521 634 3601 sospite
658 3449 872 3599 sempaelirmgro.
