2386 3892
416 208 460 258 IV.
482 219 538 259 VIII
555 210 647 259 1—69·

162 370 236 430 Cum
259 387 313 448 pro
338 387 477 431 concessa
500 369 589 430 verba
613 370 705 430 salute
729 370 849 432 damus.

121 457 175 518 Sed
200 461 273 538 qui,
297 477 384 536 quam
408 461 504 537 potuit
517 506 525 538 ‚
549 459 597 518 dat
620 460 745 519 maxima
758 506 767 539 ‚
790 468 891 537 gratus

663 545 778 607 abunde
802 554 864 627 est,

161 633 198 693 Et
221 635 308 693 tinem
333 636 426 711 pietas
450 635 572 712 contigit
595 634 642 694 illa
666 652 787 695 suum.-

120 721 177 780 Nec
190 768 199 800 ‚
223 739 298 799 quae
322 721 358 780 de
382 739 468 799 parva
491 740 603 801 pauper
627 722 673 781 dis
696 722 767 782 libat
790 740 908 800 acerra,

72 822 103 870 to
161 809 240 868 Tura
264 811 382 887 minus,
405 809 508 887 grandi
532 827 620 888 quam
643 809 710 869 data
732 810 837 880 lance,
861 809 972 871 valent.

118 899 256 975 Agnaque
280 905 338 957 tam
362 896 495 976 lactens,
519 915 605 975 quam
628 899 760 976 gramine
783 906 866 976 pasta
888 897 999 958 Falisco

163 985 285 1044 Victima
308 983 449 1063 Tarpeios
472 986 565 1045 inlicit
587 988 645 1046 icta
669 986 767 1046 locos.

118 1073 178 1132 Nec
202 1080 300 1133 tamen
323 1072 419 1132 officio
443 1080 540 1134 ratum
564 1091 617 1152 per
640 1076 770 1135 carmina
792 1074 869 1134 lacto

162 1159 349 1238 Principibus
372 1179 422 1221 res
445 1168 490 1221 est
513 1163 607 1239 aptior
631 1161 689 1222 tilla
712 1165 799 1223 viris.

72 1260 103 1309 45
119 1248 253 1308 Carmina
277 1256 440 1308 vestrarum
463 1258 609 1328 peragunt
631 1252 788 1328 praeconia
810 1248 946 1329 laudum,

162 1336 241 1396 Neve
265 1338 304 1397 sit
326 1345 459 1397 actorum
482 1337 557 1396 lama
580 1337 712 1418 caduca,
735 1346 855 1397 cavent.

119 1425 254 1484 Carmine
278 1425 310 1484 fit
332 1427 415 1484 vivax
438 1427 555 1505 virtus,
578 1442 744 1504 expersque
767 1424 916 1503 sepulchri

161 1512 301 1573 Notitiam
324 1531 407 1573 serae
431 1515 612 1592 posteritatis
635 1511 740 1574 habet.

118 1600 227 1662 Tabida
250 1603 398 1662 consumit
420 1601 533 1662 terrum
556 1601 741 1681 lapidemque
765 1609 913 1681 vetustas,

72 1703 104 1751 50
163 1689 306 1768 Nullaque
329 1707 379 1750 res
402 1692 496 1750 maius
519 1698 653 1768 tempore
676 1688 768 1750 robur
790 1688 894 1751 habet.

92 1785 94 1789 '
119 1777 235 1856 Scripta
259 1777 358 1837 serunt
382 1796 495 1839 annos.
536 1781 657 1858 scriptis
678 1778 895 1857 Agamemnona

664 1869 760 1946 nosti,
975 1878 1031 1930 t1²³t

162 1952 200 2013 Et
222 1954 357 2030 quisquis
381 1961 483 2014 contra
506 1954 552 2014 vel
575 1955 664 2015 simul
686 1972 765 2015 arma
788 1955 874 2015 tulit.

119 2040 191 2111 Quis
215 2040 331 2100 Thebas
355 2050 526 2121 septemque
550 2042 640 2104 duces
669 2046 733 2103 sine
761 2044 891 2104 carmine
914 2051 1032 2124 nosset,

162 2129 200 2189 Et
223 2129 365 2206 quidquid
388 2138 455 2209 post
478 2131 549 2190 haec
562 2178 571 2211 ,
594 2130 737 2210 quidquid
761 2139 880 2192 etanta
904 2128 984 2191 luit?

72 2227 103 2276 55
118 2215 153 2277 bi
177 2216 294 2295 quoque
319 2217 521 2296 carminibus,
545 2219 571 2276 si
593 2218 639 2278 fas
661 2226 707 2278 est
729 2218 851 2299 dicere,
874 2219 965 2299 bunt,

143 2305 313 2382 ,Tantaque
337 2308 472 2368 maiestas
495 2322 547 2365 ore
570 2307 702 2364 canentis
725 2315 808 2382 eget.

120 2391 168 2451 Sic
193 2391 286 2452 Chaos
311 2412 347 2453 ex
369 2392 418 2453 illa
440 2389 561 2454 naturae
585 2391 661 2451 mole
684 2393 794 2470 prioris

164 2479 315 2557 Digestum
338 2489 438 2560 partes
462 2483 571 2541 scimus
594 2478 703 2539 habere
727 2495 812 2538 suas:

120 2566 169 2627 Sic
192 2568 372 2628 adfectantes
396 2567 532 2629 caelestia
555 2586 644 2646 regna
668 2566 806 2645 Gigantes

72 2667 104 2715 60
164 2655 207 2715 hd
232 2655 319 2734 Styga
342 2656 499 2717 nimbifero
523 2657 647 2717 vindicis
671 2657 737 2734 igne
760 2654 862 2716 datos:

120 2742 169 2802 Sic
193 2744 286 2803 victor
310 2744 424 2805 laudem
449 2746 596 2823 superatis
620 2743 708 2803 Liber
730 2741 766 2803 ah
789 2741 887 2826 ludis,

163 2830 279 2891 Alcides
303 2842 386 2911 capta
408 2834 498 2892 traxit
520 2830 556 2891 ab
580 2831 733 2893 Oechalia.

120 2917 158 2978 llt
182 2918 292 2998 modo,
314 2918 442 3001 Caesar,
466 2937 574 3000 arum,
597 2938 685 2998 quem
708 2923 804 2982 virtus
826 2921 937 2982 addidit

665 3012 771 3090 astris,

165 3094 326 3157 Sacrarunt
349 3095 446 3174 aliqua
468 3098 599 3158 carmina
621 3107 704 3175 parte
728 3107 834 3157 tuum,

72 3195 103 3243 65
121 3182 226 3260 Siquid
250 3183 346 3244 adhuc
368 3185 460 3261 igitur
483 3186 565 3265 vivi,
587 3184 782 3262 Germanice,
805 3190 906 3242 nostro

165 3270 267 3330 Restat
289 3273 320 3331 in
342 3273 484 3352 ingenio,
507 3273 616 3333 sarriet
639 3287 726 3330 omne
748 3269 820 3329 tibi.

120 3357 186 3417 Non
210 3366 294 3436 potes
318 3359 448 3419 officium
471 3361 546 3420 vatis
569 3363 758 3418 contemnere
781 3362 882 3418 vates:

165 3445 276 3506 ludicio
300 3449 428 3524 pretium
451 3464 502 3506 res
523 3443 612 3506 habet
634 3445 690 3504 ista
713 3452 782 3505 tuo.

110 3533 208 3604 ‚Quod
230 3535 288 3595 nisi
310 3543 339 3594 te
363 3551 471 3594 nomen
494 3541 610 3594 tantum
631 3532 668 3594 ad
692 3535 801 3594 maiora
824 3542 972 3614 vocasset,
