<?xml version="1.0" encoding="UTF-8"?>
<!DOCTYPE html PUBLIC "-//W3C//DTD XHTML 1.0 Transitional//EN"
    "http://www.w3.org/TR/xhtml1/DTD/xhtml1-transitional.dtd">
<html xmlns="http://www.w3.org/1999/xhtml" xml:lang="en" lang="en">
 <head>
  <title>
</title>
<meta http-equiv="Content-Type" content="text/html;charset=utf-8" />
  <meta name='ocr-system' content='tesseract 3.04.00' />
  <meta name='ocr-capabilities' content='ocr_page ocr_carea ocr_par ocr_line ocrx_word'/>
</head>
<body>
  <div class='ocr_page' id='page_1' title='image "./ovidiusexiterat00ovidgoog_0116.png"; bbox 0 0 2386 3892; ppageno 0'>
   <div class='ocr_carea' id='block_1_1' title="bbox 447 176 1053 243">
    <p class='ocr_par' dir='ltr' id='par_1_1' title="bbox 447 176 1053 243">
     <span class='ocr_line' id='line_1_1' title="bbox 447 176 1053 243; baseline 0.015 -17"><span class='ocrx_word' id='word_1_1' title='bbox 447 176 493 228; x_wconf 88' lang='lat' dir='ltr'><strong>IV.</strong></span> <span class='ocrx_word' id='word_1_2' title='bbox 512 179 645 229; x_wconf 75' lang='lat'><strong>111-72.</strong></span> <span class='ocrx_word' id='word_1_3' title='bbox 1010 176 1053 243; x_wconf 80' lang='grc'><strong>65</strong></span> 
     </span>
    </p>
   </div>
   <div class='ocr_carea' id='block_1_2' title="bbox 86 338 1058 3656">
    <p class='ocr_par' dir='ltr' id='par_1_2' title="bbox 86 338 1058 3656">
     <span class='ocr_line' id='line_1_2' title="bbox 130 338 753 419; baseline -0.002 -18"><span class='ocrx_word' id='word_1_4' title='bbox 130 340 225 419; x_wconf 85' lang='lat' dir='ltr'><strong>Saepe</strong></span> <span class='ocrx_word' id='word_1_5' title='bbox 248 338 403 398; x_wconf 76' lang='lat' dir='ltr'>recusanti</span> <span class='ocrx_word' id='word_1_6' title='bbox 426 353 550 416; x_wconf 85' lang='lat' dir='ltr'><strong>corpora</strong></span> <span class='ocrx_word' id='word_1_7' title='bbox 573 347 658 417; x_wconf 84' lang='lat' dir='ltr'><strong>capta</strong></span> <span class='ocrx_word' id='word_1_8' title='bbox 681 339 753 400; x_wconf 89' lang='lat' dir='ltr'><strong>deo.</strong></span> 
     </span>
     <span class='ocr_line' id='line_1_3' title="bbox 132 425 1053 510; baseline 0.003 -22"><span class='ocrx_word' id='word_1_9' title='bbox 132 428 187 488; x_wconf 88' lang='lat' dir='ltr'><strong>Hic</strong></span> <span class='ocrx_word' id='word_1_10' title='bbox 210 427 316 505; x_wconf 86' lang='lat' dir='ltr'><strong>lacus,</strong></span> <span class='ocrx_word' id='word_1_11' title='bbox 339 425 371 485; x_wconf 93' lang='lat' dir='ltr'><strong>hi</strong></span> <span class='ocrx_word' id='word_1_12' title='bbox 394 433 531 504; x_wconf 85' lang='lat' dir='ltr'><strong>montes,</strong></span> <span class='ocrx_word' id='word_1_13' title='bbox 554 425 626 486; x_wconf 83' lang='lat' dir='ltr'><strong>haec</strong></span> <span class='ocrx_word' id='word_1_14' title='bbox 650 435 693 488; x_wconf 87' lang='lat' dir='ltr'><strong>tot</strong></span> <span class='ocrx_word' id='word_1_15' title='bbox 716 427 856 510; x_wconf 80' lang='lat' dir='ltr'><strong>castella,</strong></span> <span class='ocrx_word' id='word_1_16' title='bbox 885 437 928 490; x_wconf 92' lang='lat' dir='ltr'><strong>tot</strong></span> <span class='ocrx_word' id='word_1_17' title='bbox 952 448 1053 490; x_wconf 84' lang='lat' dir='ltr'><strong>amnes</strong></span> 
     </span>
     <span class='ocr_line' id='line_1_4' title="bbox 132 512 841 592; baseline 0.003 -17"><span class='ocrx_word' id='word_1_18' title='bbox 132 514 222 576; x_wconf 78' lang='lat' dir='ltr'><strong>Plena</strong></span> <span class='ocrx_word' id='word_1_19' title='bbox 245 514 327 573; x_wconf 83' lang='grc'><strong>13133</strong></span> <span class='ocrx_word' id='word_1_20' title='bbox 351 512 466 592; x_wconf 80' lang='lat' dir='ltr'><strong>caedis,</strong></span> <span class='ocrx_word' id='word_1_21' title='bbox 491 512 578 592; x_wconf 84' lang='lat' dir='ltr'><strong>plena</strong></span> <span class='ocrx_word' id='word_1_22' title='bbox 601 516 717 576; x_wconf 89' lang='lat' dir='ltr'><strong>cruoris</strong></span> <span class='ocrx_word' id='word_1_23' title='bbox 739 524 841 578; x_wconf 80' lang='lat' dir='ltr'><strong>erant:</strong></span> 
     </span>
     <span class='ocr_line' id='line_1_5' title="bbox 133 600 1003 685; baseline 0.002 -22"><span class='ocrx_word' id='word_1_24' title='bbox 133 603 249 664; x_wconf 86' lang='lat' dir='ltr'>Drusus</span> <span class='ocrx_word' id='word_1_25' title='bbox 272 602 303 660; x_wconf 92' lang='lat' dir='ltr'><strong>in</strong></span> <span class='ocrx_word' id='word_1_26' title='bbox 327 600 374 660; x_wconf 91' lang='lat' dir='ltr'><strong>his</strong></span> <span class='ocrx_word' id='word_1_27' title='bbox 398 602 507 661; x_wconf 87' lang='lat' dir='ltr'><strong>meruit</strong></span> <span class='ocrx_word' id='word_1_28' title='bbox 530 601 678 679; x_wconf 80' lang='lat' dir='ltr'><strong>quondum</strong></span> <span class='ocrx_word' id='word_1_29' title='bbox 701 606 873 682; x_wconf 83' lang='lat' dir='ltr'><strong>cognomina</strong></span> <span class='ocrx_word' id='word_1_30' title='bbox 897 607 1003 685; x_wconf 91' lang='lat' dir='ltr'><strong>terris,</strong></span> 
     </span>
     <span class='ocr_line' id='line_1_6' title="bbox 87 687 894 771; baseline 0.002 -21"><span class='ocrx_word' id='word_1_31' title='bbox 87 687 318 761; x_wconf 73' lang='grc'><strong>4003331313</strong></span> <span class='ocrx_word' id='word_1_32' title='bbox 341 690 520 769; x_wconf 90' lang='lat' dir='ltr'><strong>progenies,</strong></span> <span class='ocrx_word' id='word_1_33' title='bbox 544 689 630 768; x_wconf 87' lang='lat' dir='ltr'><strong>digna</strong></span> <span class='ocrx_word' id='word_1_34' title='bbox 653 699 776 768; x_wconf 83' lang='lat' dir='ltr'><strong>parente</strong></span> <span class='ocrx_word' id='word_1_35' title='bbox 789 738 798 771; x_wconf 93' lang='lat'><strong>,</strong></span> <span class='ocrx_word' id='word_1_36' title='bbox 823 693 894 752; x_wconf 85' lang='lat' dir='ltr'><strong>luit.</strong></span> 
     </span>
     <span class='ocr_line' id='line_1_7' title="bbox 133 773 995 860; baseline 0.001 -22"><span class='ocrx_word' id='word_1_37' title='bbox 133 776 282 839; x_wconf 79' lang='lat' dir='ltr'><strong>Cornibus</strong></span> <span class='ocrx_word' id='word_1_38' title='bbox 306 775 354 836; x_wconf 91' lang='lat' dir='ltr'><strong>hic</strong></span> <span class='ocrx_word' id='word_1_39' title='bbox 377 775 500 857; x_wconf 81' lang='lat' dir='ltr'><strong>tractis,</strong></span> <span class='ocrx_word' id='word_1_40' title='bbox 523 777 609 837; x_wconf 83' lang='lat' dir='ltr'><strong>viridi</strong></span> <span class='ocrx_word' id='word_1_41' title='bbox 633 773 708 838; x_wconf 82' lang='lat' dir='ltr'><strong>mole</strong></span> <span class='ocrx_word' id='word_1_42' title='bbox 731 786 829 839; x_wconf 87' lang='lat' dir='ltr'><strong>tectus</strong></span> <span class='ocrx_word' id='word_1_43' title='bbox 852 778 888 839; x_wconf 85' lang='lat' dir='ltr'><strong>ab</strong></span> <span class='ocrx_word' id='word_1_44' title='bbox 913 780 995 860; x_wconf 80' lang='lat' dir='ltr'><strong>ulva,</strong></span> 
     </span>
     <span class='ocr_line' id='line_1_8' title="bbox 136 864 843 942; baseline 0 -15"><span class='ocrx_word' id='word_1_45' title='bbox 136 864 262 926; x_wconf 81' lang='lat' dir='ltr'><strong>Decolor</strong></span> <span class='ocrx_word' id='word_1_46' title='bbox 284 865 349 942; x_wconf 86' lang='lat' dir='ltr'><strong>ipse</strong></span> <span class='ocrx_word' id='word_1_47' title='bbox 373 879 427 923; x_wconf 91' lang='lat' dir='ltr'><strong>suo</strong></span> <span class='ocrx_word' id='word_1_48' title='bbox 451 866 592 942; x_wconf 84' lang='lat' dir='ltr'><strong>sanguine</strong></span> <span class='ocrx_word' id='word_1_49' title='bbox 615 864 737 926; x_wconf 84' lang='lat' dir='ltr'><strong>Rhenus</strong></span> <span class='ocrx_word' id='word_1_50' title='bbox 760 875 843 927; x_wconf 84' lang='grc'><strong>3131.</strong></span> 
     </span>
     <span class='ocr_line' id='line_1_9' title="bbox 135 951 862 1032; baseline 0.001 -18"><span class='ocrx_word' id='word_1_51' title='bbox 135 951 276 1014; x_wconf 80' lang='lat' dir='ltr'>Crinibus</span> <span class='ocrx_word' id='word_1_52' title='bbox 299 968 336 1012; x_wconf 92' lang='lat' dir='ltr'><strong>en</strong></span> <span class='ocrx_word' id='word_1_53' title='bbox 360 953 448 1012; x_wconf 84' lang='lat' dir='ltr'><strong>etiam</strong></span> <span class='ocrx_word' id='word_1_54' title='bbox 471 952 566 1013; x_wconf 83' lang='lat' dir='ltr'><strong>fertur</strong></span> <span class='ocrx_word' id='word_1_55' title='bbox 589 951 745 1014; x_wconf 80' lang='lat' dir='ltr'><strong>Germania</strong></span> <span class='ocrx_word' id='word_1_56' title='bbox 767 956 862 1032; x_wconf 86' lang='lat' dir='ltr'><strong>passis</strong></span> 
     </span>
     <span class='ocr_line' id='line_1_10' title="bbox 135 1038 842 1122; baseline 0.003 -22"><span class='ocrx_word' id='word_1_57' title='bbox 135 1040 173 1100; x_wconf 85' lang='lat' dir='ltr'><strong>Et</strong></span> <span class='ocrx_word' id='word_1_58' title='bbox 197 1041 283 1101; x_wconf 91' lang='lat' dir='ltr'><strong>ducis</strong></span> <span class='ocrx_word' id='word_1_59' title='bbox 306 1041 407 1100; x_wconf 83' lang='lat' dir='ltr'><strong>invicti</strong></span> <span class='ocrx_word' id='word_1_60' title='bbox 430 1038 486 1099; x_wconf 91' lang='lat' dir='ltr'><strong>sub</strong></span> <span class='ocrx_word' id='word_1_61' title='bbox 509 1038 585 1118; x_wconf 88' lang='lat' dir='ltr'><strong>pede</strong></span> <span class='ocrx_word' id='word_1_62' title='bbox 607 1049 718 1102; x_wconf 83' lang='lat' dir='ltr'><strong>maesto</strong></span> <span class='ocrx_word' id='word_1_63' title='bbox 741 1041 842 1122; x_wconf 84' lang='lat' dir='ltr'><strong>sedet;</strong></span> 
     </span>
     <span class='ocr_line' id='line_1_11' title="bbox 90 1126 892 1207; baseline 0.004 -19"><span class='ocrx_word' id='word_1_64' title='bbox 90 1140 123 1188; x_wconf 80' lang='lat'><strong>45</strong></span> <span class='ocrx_word' id='word_1_65' title='bbox 138 1128 278 1207; x_wconf 78' lang='lat' dir='ltr'><strong>Collaque</strong></span> <span class='ocrx_word' id='word_1_66' title='bbox 301 1126 448 1189; x_wconf 78' lang='lat' dir='ltr'><strong>Romanae</strong></span> <span class='ocrx_word' id='word_1_67' title='bbox 471 1127 618 1207; x_wconf 81' lang='lat' dir='ltr'><strong>praebens</strong></span> <span class='ocrx_word' id='word_1_68' title='bbox 640 1131 770 1190; x_wconf 78' lang='lat' dir='ltr'><strong>animosa</strong></span> <span class='ocrx_word' id='word_1_69' title='bbox 792 1132 892 1191; x_wconf 88' lang='lat' dir='ltr'><strong>securi</strong></span> 
     </span>
     <span class='ocr_line' id='line_1_12' title="bbox 136 1213 873 1295; baseline 0.007 -22"><span class='ocrx_word' id='word_1_70' title='bbox 136 1215 260 1276; x_wconf 81' lang='lat' dir='ltr'><strong>Vincula</strong></span> <span class='ocrx_word' id='word_1_71' title='bbox 283 1214 341 1275; x_wconf 89' lang='lat' dir='ltr'><strong>lert</strong></span> <span class='ocrx_word' id='word_1_72' title='bbox 364 1213 434 1295; x_wconf 84' lang='lat' dir='ltr'><strong>illa,</strong></span> <span class='ocrx_word' id='word_1_73' title='bbox 458 1233 515 1294; x_wconf 84' lang='lat' dir='ltr'><strong>qua</strong></span> <span class='ocrx_word' id='word_1_74' title='bbox 539 1216 607 1277; x_wconf 86' lang='lat' dir='ltr'><strong>tulit</strong></span> <span class='ocrx_word' id='word_1_75' title='bbox 629 1234 710 1276; x_wconf 84' lang='grc'><strong>311113</strong></span> <span class='ocrx_word' id='word_1_76' title='bbox 722 1263 731 1295; x_wconf 89' lang='grc'><em>,</em></span> <span class='ocrx_word' id='word_1_77' title='bbox 755 1213 873 1279; x_wconf 67' lang='lat' dir='ltr'><strong>manu?</strong></span> 
     </span>
     <span class='ocr_line' id='line_1_13' title="bbox 136 1303 928 1383; baseline 0.001 -19"><span class='ocrx_word' id='word_1_78' title='bbox 136 1303 198 1364; x_wconf 89' lang='lat' dir='ltr'><strong>ilos</strong></span> <span class='ocrx_word' id='word_1_79' title='bbox 220 1320 311 1383; x_wconf 89' lang='lat' dir='ltr'><strong>super</strong></span> <span class='ocrx_word' id='word_1_80' title='bbox 333 1305 365 1363; x_wconf 92' lang='lat' dir='ltr'><strong>in</strong></span> <span class='ocrx_word' id='word_1_81' title='bbox 388 1320 480 1364; x_wconf 91' lang='lat' dir='ltr'><strong>curru</strong></span> <span class='ocrx_word' id='word_1_82' title='bbox 492 1349 501 1383; x_wconf 93' lang='lat'><strong>,</strong></span> <span class='ocrx_word' id='word_1_83' title='bbox 524 1303 653 1382; x_wconf 79' lang='lat' dir='ltr'><strong>Cacsar,</strong></span> <span class='ocrx_word' id='word_1_84' title='bbox 676 1306 788 1364; x_wconf 84' lang='lat' dir='ltr'><strong>victore</strong></span> <span class='ocrx_word' id='word_1_85' title='bbox 811 1304 928 1365; x_wconf 82' lang='lat' dir='ltr'><strong>veheris</strong></span> 
     </span>
     <span class='ocr_line' id='line_1_14' title="bbox 136 1389 751 1471; baseline 0 -19"><span class='ocrx_word' id='word_1_86' title='bbox 136 1391 311 1470; x_wconf 87' lang='lat' dir='ltr'><strong>Purpureus</strong></span> <span class='ocrx_word' id='word_1_87' title='bbox 334 1389 436 1471; x_wconf 87' lang='lat' dir='ltr'><strong>populi</strong></span> <span class='ocrx_word' id='word_1_88' title='bbox 459 1393 515 1451; x_wconf 86' lang='lat' dir='ltr'><strong>rite</strong></span> <span class='ocrx_word' id='word_1_89' title='bbox 537 1409 592 1471; x_wconf 90' lang='lat' dir='ltr'><strong>per</strong></span> <span class='ocrx_word' id='word_1_90' title='bbox 614 1409 665 1451; x_wconf 85' lang='grc'><strong>313</strong></span> <span class='ocrx_word' id='word_1_91' title='bbox 688 1393 751 1452; x_wconf 86' lang='lat' dir='ltr'><strong>tui:</strong></span> 
     </span>
     <span class='ocr_line' id='line_1_15' title="bbox 138 1477 957 1561; baseline 0.002 -21"><span class='ocrx_word' id='word_1_92' title='bbox 138 1479 260 1558; x_wconf 83' lang='lat' dir='ltr'><strong>Quoque</strong></span> <span class='ocrx_word' id='word_1_93' title='bbox 284 1477 363 1558; x_wconf 83' lang='lat' dir='ltr'><strong>ibis,</strong></span> <span class='ocrx_word' id='word_1_94' title='bbox 386 1478 522 1539; x_wconf 85' lang='lat' dir='ltr'><strong>menibus</strong></span> <span class='ocrx_word' id='word_1_95' title='bbox 545 1477 799 1558; x_wconf 80' lang='lat' dir='ltr'><strong>circumplaudere</strong></span> <span class='ocrx_word' id='word_1_96' title='bbox 821 1487 957 1561; x_wconf 91' lang='lat' dir='ltr'><strong>tuorum,</strong></span> 
     </span>
     <span class='ocr_line' id='line_1_16' title="bbox 89 1566 737 1646; baseline 0.005 -21"><span class='ocrx_word' id='word_1_97' title='bbox 89 1576 120 1626; x_wconf 79' lang='lat'><strong>50</strong></span> <span class='ocrx_word' id='word_1_98' title='bbox 134 1566 270 1646; x_wconf 87' lang='lat' dir='ltr'><strong>Undique</strong></span> <span class='ocrx_word' id='word_1_99' title='bbox 292 1567 399 1627; x_wconf 83' lang='grc'><strong>1331313</strong></span> <span class='ocrx_word' id='word_1_100' title='bbox 422 1566 495 1626; x_wconf 88' lang='lat' dir='ltr'><strong>flore</strong></span> <span class='ocrx_word' id='word_1_101' title='bbox 518 1574 637 1645; x_wconf 89' lang='lat' dir='ltr'><strong>tegente</strong></span> <span class='ocrx_word' id='word_1_102' title='bbox 659 1570 737 1628; x_wconf 83' lang='lat' dir='ltr'><strong>rios.</strong></span> 
     </span>
     <span class='ocr_line' id='line_1_17' title="bbox 138 1651 896 1735; baseline 0.005 -21"><span class='ocrx_word' id='word_1_103' title='bbox 138 1655 285 1734; x_wconf 80' lang='lat' dir='ltr'><strong>Tempora</strong></span> <span class='ocrx_word' id='word_1_104' title='bbox 307 1653 444 1715; x_wconf 85' lang='lat' dir='ltr'><strong>Phoebea</strong></span> <span class='ocrx_word' id='word_1_105' title='bbox 467 1654 549 1715; x_wconf 84' lang='lat' dir='ltr'><strong>lauro</strong></span> <span class='ocrx_word' id='word_1_106' title='bbox 573 1657 727 1735; x_wconf 80' lang='lat' dir='ltr'><strong>cingetur,</strong></span> <span class='ocrx_word' id='word_1_107' title='bbox 751 1651 814 1717; x_wconf 69' lang='lat' dir='ltr'><strong>‘Io&#39;</strong></span> <span class='ocrx_word' id='word_1_108' title='bbox 838 1674 896 1735; x_wconf 91' lang='lat' dir='ltr'><strong>que</strong></span> 
     </span>
     <span class='ocr_line' id='line_1_18' title="bbox 138 1737 916 1824; baseline 0.004 -21"><span class='ocrx_word' id='word_1_109' title='bbox 138 1742 244 1824; x_wconf 85' lang='lat' dir='ltr'><strong>Miles,</strong></span> <span class='ocrx_word' id='word_1_110' title='bbox 268 1737 336 1822; x_wconf 69' lang='lat' dir='ltr'><strong>‘lo,&#39;</strong></span> <span class='ocrx_word' id='word_1_111' title='bbox 360 1759 465 1819; x_wconf 83' lang='lat' dir='ltr'><strong>magne</strong></span> <span class='ocrx_word' id='word_1_112' title='bbox 487 1760 558 1803; x_wconf 85' lang='lat' dir='ltr'><strong>voce</strong></span> <span class='ocrx_word' id='word_1_113' title='bbox 571 1790 580 1823; x_wconf 93' lang='lat'><strong>,</strong></span> <span class='ocrx_word' id='word_1_114' title='bbox 604 1737 788 1822; x_wconf 72' lang='lat' dir='ltr'><strong>‘Triumphe&#39;</strong></span> <span class='ocrx_word' id='word_1_115' title='bbox 813 1753 916 1806; x_wconf 86' lang='lat' dir='ltr'><strong>canet.</strong></span> 
     </span>
     <span class='ocr_line' id='line_1_19' title="bbox 138 1830 950 1911; baseline 0.005 -21"><span class='ocrx_word' id='word_1_116' title='bbox 138 1830 204 1910; x_wconf 89' lang='lat' dir='ltr'><strong>lpse</strong></span> <span class='ocrx_word' id='word_1_117' title='bbox 228 1847 301 1891; x_wconf 92' lang='lat' dir='ltr'><strong>sono</strong></span> <span class='ocrx_word' id='word_1_118' title='bbox 324 1830 489 1908; x_wconf 81' lang='lat' dir='ltr'><strong>plausuque</strong></span> <span class='ocrx_word' id='word_1_119' title='bbox 512 1830 600 1891; x_wconf 89' lang='lat' dir='ltr'><strong>simul</strong></span> <span class='ocrx_word' id='word_1_120' title='bbox 623 1831 802 1911; x_wconf 83' lang='lat' dir='ltr'><strong>fremituque</strong></span> <span class='ocrx_word' id='word_1_121' title='bbox 826 1841 950 1895; x_wconf 81' lang='lat' dir='ltr'><strong>canente</strong></span> 
     </span>
     <span class='ocr_line' id='line_1_20' title="bbox 139 1917 871 1998; baseline 0.003 -19"><span class='ocrx_word' id='word_1_122' title='bbox 139 1917 335 1997; x_wconf 81' lang='lat' dir='ltr'><strong>Quadriiugos</strong></span> <span class='ocrx_word' id='word_1_123' title='bbox 359 1936 463 1978; x_wconf 87' lang='lat' dir='ltr'><strong>cernes</strong></span> <span class='ocrx_word' id='word_1_124' title='bbox 486 1936 573 1997; x_wconf 79' lang='lat' dir='ltr'><strong>saepe</strong></span> <span class='ocrx_word' id='word_1_125' title='bbox 597 1921 737 1980; x_wconf 85' lang='lat' dir='ltr'><strong>resistere</strong></span> <span class='ocrx_word' id='word_1_126' title='bbox 761 1937 871 1998; x_wconf 90' lang='lat' dir='ltr'><strong>equos.</strong></span> 
     </span>
     <span class='ocr_line' id='line_1_21' title="bbox 99 2005 901 2088; baseline 0.006 -24"><span class='ocrx_word' id='word_1_127' title='bbox 99 2006 209 2066; x_wconf 80' lang='lat' dir='ltr'><strong>tolndc</strong></span> <span class='ocrx_word' id='word_1_128' title='bbox 231 2013 316 2085; x_wconf 88' lang='lat' dir='ltr'><strong>petes</strong></span> <span class='ocrx_word' id='word_1_129' title='bbox 340 2023 440 2066; x_wconf 85' lang='lat' dir='ltr'><strong>arcem</strong></span> <span class='ocrx_word' id='word_1_130' title='bbox 462 2015 492 2067; x_wconf 87' lang='lat' dir='ltr'><strong>et</strong></span> <span class='ocrx_word' id='word_1_131' title='bbox 515 2005 636 2067; x_wconf 82' lang='lat' dir='ltr'><strong>delubro</strong></span> <span class='ocrx_word' id='word_1_132' title='bbox 659 2008 786 2068; x_wconf 83' lang='grc' dir='ltr'><strong>131311ῑὶ3</strong></span> <span class='ocrx_word' id='word_1_133' title='bbox 809 2010 901 2088; x_wconf 88' lang='lat' dir='ltr'><strong>votis,</strong></span> 
     </span>
     <span class='ocr_line' id='line_1_22' title="bbox 140 2091 825 2156; baseline 0.004 -3"><span class='ocrx_word' id='word_1_134' title='bbox 140 2093 176 2154; x_wconf 88' lang='lat' dir='ltr'><strong>Et</strong></span> <span class='ocrx_word' id='word_1_135' title='bbox 198 2092 317 2154; x_wconf 88' lang='lat' dir='ltr'><strong>dabitur</strong></span> <span class='ocrx_word' id='word_1_136' title='bbox 341 2096 446 2154; x_wconf 86' lang='lat' dir='ltr'><strong>merito</strong></span> <span class='ocrx_word' id='word_1_137' title='bbox 470 2093 570 2155; x_wconf 80' lang='lat' dir='ltr'><strong>laurea</strong></span> <span class='ocrx_word' id='word_1_138' title='bbox 593 2102 659 2156; x_wconf 87' lang='lat' dir='ltr'><strong>vota</strong></span> <span class='ocrx_word' id='word_1_139' title='bbox 681 2095 759 2156; x_wconf 84' lang='lat' dir='ltr'><strong>lovi.</strong></span> <span class='ocrx_word' id='word_1_140' title='bbox 822 2091 825 2096; x_wconf 79' lang='grc'><strong>’</strong></span> 
     </span>
     <span class='ocr_line' id='line_1_23' title="bbox 142 2179 1022 2263; baseline 0.006 -23"><span class='ocrx_word' id='word_1_141' title='bbox 142 2179 217 2243; x_wconf 80' lang='lat' dir='ltr'><strong>llaec</strong></span> <span class='ocrx_word' id='word_1_142' title='bbox 241 2198 296 2259; x_wconf 87' lang='lat' dir='ltr'><strong>ego</strong></span> <span class='ocrx_word' id='word_1_143' title='bbox 320 2189 507 2262; x_wconf 91' lang='lat' dir='ltr'><strong>summotus,</strong></span> <span class='ocrx_word' id='word_1_144' title='bbox 531 2201 588 2262; x_wconf 82' lang='lat' dir='ltr'><strong>qua</strong></span> <span class='ocrx_word' id='word_1_145' title='bbox 610 2201 732 2262; x_wconf 90' lang='lat' dir='ltr'><strong>possum</strong></span> <span class='ocrx_word' id='word_1_146' title='bbox 744 2229 754 2263; x_wconf 90' lang='lat'><strong>,</strong></span> <span class='ocrx_word' id='word_1_147' title='bbox 777 2190 876 2244; x_wconf 88' lang='lat' dir='ltr'><strong>mente</strong></span> <span class='ocrx_word' id='word_1_148' title='bbox 901 2183 1022 2245; x_wconf 87' lang='lat' dir='ltr'><strong>videbo:</strong></span> 
     </span>
     <span class='ocr_line' id='line_1_24' title="bbox 141 2268 699 2350; baseline 0.002 -21"><span class='ocrx_word' id='word_1_149' title='bbox 141 2268 242 2350; x_wconf 85' lang='lat' dir='ltr'><strong>Erepti</strong></span> <span class='ocrx_word' id='word_1_150' title='bbox 265 2268 351 2330; x_wconf 90' lang='lat' dir='ltr'><strong>nobis</strong></span> <span class='ocrx_word' id='word_1_151' title='bbox 373 2271 421 2330; x_wconf 91' lang='lat' dir='ltr'><strong>ius</strong></span> <span class='ocrx_word' id='word_1_152' title='bbox 443 2269 533 2331; x_wconf 85' lang='lat' dir='ltr'><strong>hahet</strong></span> <span class='ocrx_word' id='word_1_153' title='bbox 555 2270 603 2330; x_wconf 87' lang='grc'><strong>1113</strong></span> <span class='ocrx_word' id='word_1_154' title='bbox 625 2270 699 2330; x_wconf 91' lang='lat' dir='ltr'><strong>loci.</strong></span> 
     </span>
     <span class='ocr_line' id='line_1_25' title="bbox 142 2356 857 2438; baseline 0.003 -22"><span class='ocrx_word' id='word_1_155' title='bbox 142 2356 189 2417; x_wconf 95' lang='grc'><strong>1113</strong></span> <span class='ocrx_word' id='word_1_156' title='bbox 211 2375 267 2437; x_wconf 85' lang='lat' dir='ltr'><strong>per</strong></span> <span class='ocrx_word' id='word_1_157' title='bbox 290 2359 439 2418; x_wconf 85' lang='lat' dir='ltr'><strong>inmensas</strong></span> <span class='ocrx_word' id='word_1_158' title='bbox 463 2360 606 2438; x_wconf 81' lang='lat' dir='ltr'><strong>spatiatur</strong></span> <span class='ocrx_word' id='word_1_159' title='bbox 629 2356 722 2417; x_wconf 82' lang='lat' dir='ltr'><strong>libera</strong></span> <span class='ocrx_word' id='word_1_160' title='bbox 745 2366 857 2438; x_wconf 81' lang='lat' dir='ltr'><strong>terras,</strong></span> 
     </span>
     <span class='ocr_line' id='line_1_26' title="bbox 104 2443 739 2526; baseline 0.006 -26"><span class='ocrx_word' id='word_1_161' title='bbox 104 2453 129 2501; x_wconf 84' lang='lat' dir='ltr'><strong>co</strong></span> <span class='ocrx_word' id='word_1_162' title='bbox 142 2444 173 2505; x_wconf 89' lang='lat' dir='ltr'><strong>ln</strong></span> <span class='ocrx_word' id='word_1_163' title='bbox 196 2445 311 2507; x_wconf 84' lang='lat' dir='ltr'><strong>caelum</strong></span> <span class='ocrx_word' id='word_1_164' title='bbox 335 2445 425 2506; x_wconf 89' lang='lat' dir='ltr'><strong>celeri</strong></span> <span class='ocrx_word' id='word_1_165' title='bbox 448 2447 583 2526; x_wconf 86' lang='lat' dir='ltr'><strong>pervenit</strong></span> <span class='ocrx_word' id='word_1_166' title='bbox 605 2443 654 2504; x_wconf 82' lang='lat' dir='ltr'><strong>ille</strong></span> <span class='ocrx_word' id='word_1_167' title='bbox 676 2446 739 2524; x_wconf 81' lang='lat' dir='ltr'><strong>vio3</strong></span> 
     </span>
     <span class='ocr_line' id='line_1_27' title="bbox 142 2530 916 2611; baseline 0 -20"><span class='ocrx_word' id='word_1_168' title='bbox 142 2531 189 2592; x_wconf 95' lang='grc'><strong>1113</strong></span> <span class='ocrx_word' id='word_1_169' title='bbox 213 2551 295 2593; x_wconf 87' lang='lat' dir='ltr'><strong>meos</strong></span> <span class='ocrx_word' id='word_1_170' title='bbox 319 2534 419 2595; x_wconf 94' lang='lat' dir='ltr'><strong>oculos</strong></span> <span class='ocrx_word' id='word_1_171' title='bbox 442 2535 568 2594; x_wconf 82' lang='lat' dir='ltr'><strong>mediam</strong></span> <span class='ocrx_word' id='word_1_172' title='bbox 592 2532 713 2593; x_wconf 82' lang='lat' dir='ltr'><strong>deducit</strong></span> <span class='ocrx_word' id='word_1_173' title='bbox 735 2533 766 2591; x_wconf 88' lang='lat' dir='ltr'><strong>in</strong></span> <span class='ocrx_word' id='word_1_174' title='bbox 788 2530 916 2611; x_wconf 86' lang='lat' dir='ltr'><strong>Urbem,</strong></span> 
     </span>
     <span class='ocr_line' id='line_1_28' title="bbox 141 2618 758 2699; baseline 0 -20"><span class='ocrx_word' id='word_1_175' title='bbox 141 2618 289 2682; x_wconf 77' lang='lat' dir='ltr'><strong>lmmu‘nes</strong></span> <span class='ocrx_word' id='word_1_176' title='bbox 312 2623 386 2682; x_wconf 84' lang='lat' dir='ltr'><strong>tenti</strong></span> <span class='ocrx_word' id='word_1_177' title='bbox 408 2640 463 2683; x_wconf 86' lang='lat' dir='ltr'><strong>nec</strong></span> <span class='ocrx_word' id='word_1_178' title='bbox 488 2624 558 2682; x_wconf 89' lang='lat' dir='ltr'><strong>sinit</strong></span> <span class='ocrx_word' id='word_1_179' title='bbox 581 2638 647 2681; x_wconf 91' lang='lat' dir='ltr'><strong>esse</strong></span> <span class='ocrx_word' id='word_1_180' title='bbox 670 2619 758 2699; x_wconf 85' lang='lat' dir='ltr'><strong>boni;</strong></span> 
     </span>
     <span class='ocr_line' id='line_1_29' title="bbox 142 2707 1013 2792; baseline 0.008 -26"><span class='ocrx_word' id='word_1_181' title='bbox 142 2707 331 2787; x_wconf 81' lang='lat' dir='ltr'><strong>{memetque</strong></span> <span class='ocrx_word' id='word_1_182' title='bbox 356 2713 493 2792; x_wconf 83' lang='lat' dir='ltr'><strong>enimus,</strong></span> <span class='ocrx_word' id='word_1_183' title='bbox 517 2727 574 2790; x_wconf 84' lang='lat' dir='ltr'><strong>quo</strong></span> <span class='ocrx_word' id='word_1_184' title='bbox 598 2727 705 2770; x_wconf 86' lang='lat' dir='ltr'><strong>currus</strong></span> <span class='ocrx_word' id='word_1_185' title='bbox 728 2714 844 2788; x_wconf 86' lang='lat' dir='ltr'><strong>spectet</strong></span> <span class='ocrx_word' id='word_1_186' title='bbox 866 2707 1013 2773; x_wconf 85' lang='lat' dir='ltr'><strong>eburnos:</strong></span> 
     </span>
     <span class='ocr_line' id='line_1_30' title="bbox 143 2795 885 2877; baseline 0.004 -21"><span class='ocrx_word' id='word_1_187' title='bbox 143 2795 189 2857; x_wconf 91' lang='lat' dir='ltr'><strong>Sic</strong></span> <span class='ocrx_word' id='word_1_188' title='bbox 213 2806 295 2858; x_wconf 87' lang='lat' dir='ltr'><strong>certo</strong></span> <span class='ocrx_word' id='word_1_189' title='bbox 317 2799 348 2858; x_wconf 91' lang='lat' dir='ltr'><strong>in</strong></span> <span class='ocrx_word' id='word_1_190' title='bbox 371 2800 466 2877; x_wconf 83' lang='lat' dir='ltr'><strong>patria</strong></span> <span class='ocrx_word' id='word_1_191' title='bbox 488 2815 542 2877; x_wconf 85' lang='lat' dir='ltr'><strong>per</strong></span> <span class='ocrx_word' id='word_1_192' title='bbox 564 2796 653 2858; x_wconf 83' lang='lat' dir='ltr'><strong>breve</strong></span> <span class='ocrx_word' id='word_1_193' title='bbox 676 2805 793 2877; x_wconf 91' lang='lat' dir='ltr'><strong>tempus</strong></span> <span class='ocrx_word' id='word_1_194' title='bbox 817 2815 885 2859; x_wconf 88' lang='lat' dir='ltr'><strong>ero.</strong></span> 
     </span>
     <span class='ocr_line' id='line_1_31' title="bbox 97 2882 907 2966; baseline 0.01 -27"><span class='ocrx_word' id='word_1_195' title='bbox 97 2887 128 2939; x_wconf 81' lang='lat'><strong>65</strong></span> <span class='ocrx_word' id='word_1_196' title='bbox 144 2882 215 2945; x_wconf 82' lang='lat' dir='ltr'><strong>Vera</strong></span> <span class='ocrx_word' id='word_1_197' title='bbox 237 2892 336 2946; x_wconf 84' lang='lat' dir='ltr'><strong>tamen</strong></span> <span class='ocrx_word' id='word_1_198' title='bbox 360 2888 456 2966; x_wconf 81' lang='lat' dir='ltr'><strong>capiet</strong></span> <span class='ocrx_word' id='word_1_199' title='bbox 478 2885 606 2965; x_wconf 87' lang='lat' dir='ltr'><strong>populus</strong></span> <span class='ocrx_word' id='word_1_200' title='bbox 629 2886 796 2965; x_wconf 83' lang='lat' dir='ltr'><strong>spectaculo</strong></span> <span class='ocrx_word' id='word_1_201' title='bbox 819 2886 907 2966; x_wconf 78' lang='lat' dir='ltr'><strong>felix,</strong></span> 
     </span>
     <span class='ocr_line' id='line_1_32' title="bbox 142 2972 918 3052; baseline 0.003 -20"><span class='ocrx_word' id='word_1_202' title='bbox 142 2972 288 3051; x_wconf 81' lang='lat' dir='ltr'><strong>Laetaque</strong></span> <span class='ocrx_word' id='word_1_203' title='bbox 312 2975 369 3034; x_wconf 88' lang='lat' dir='ltr'><strong>erit</strong></span> <span class='ocrx_word' id='word_1_204' title='bbox 391 2991 532 3052; x_wconf 84' lang='lat' dir='ltr'><strong>praesens</strong></span> <span class='ocrx_word' id='word_1_205' title='bbox 554 2991 622 3034; x_wconf 92' lang='lat' dir='ltr'><strong>cum</strong></span> <span class='ocrx_word' id='word_1_206' title='bbox 646 2975 721 3036; x_wconf 86' lang='lat' dir='ltr'><strong>duce</strong></span> <span class='ocrx_word' id='word_1_207' title='bbox 745 2974 832 3035; x_wconf 83' lang='lat' dir='ltr'><strong>turba</strong></span> <span class='ocrx_word' id='word_1_208' title='bbox 855 2991 918 3035; x_wconf 93' lang='lat' dir='ltr'><strong>suo.</strong></span> 
     </span>
     <span class='ocr_line' id='line_1_33' title="bbox 141 3061 884 3141; baseline 0 -21"><span class='ocrx_word' id='word_1_209' title='bbox 141 3061 177 3121; x_wconf 79' lang='lat' dir='ltr'><strong>nt</strong></span> <span class='ocrx_word' id='word_1_210' title='bbox 199 3061 273 3126; x_wconf 89' lang='lat' dir='ltr'><strong>mihi</strong></span> <span class='ocrx_word' id='word_1_211' title='bbox 295 3061 432 3139; x_wconf 86' lang='lat' dir='ltr'><strong>fingendo</strong></span> <span class='ocrx_word' id='word_1_212' title='bbox 455 3069 571 3123; x_wconf 74' lang='lat' dir='ltr'><strong>tontum</strong></span> <span class='ocrx_word' id='word_1_213' title='bbox 594 3061 739 3141; x_wconf 85' lang='lat' dir='ltr'><strong>longeque</strong></span> <span class='ocrx_word' id='word_1_214' title='bbox 762 3064 884 3123; x_wconf 88' lang='lat' dir='ltr'><strong>remotis</strong></span> 
     </span>
     <span class='ocr_line' id='line_1_34' title="bbox 140 3148 811 3231; baseline 0.001 -22"><span class='ocrx_word' id='word_1_215' title='bbox 140 3148 270 3210; x_wconf 80' lang='lat' dir='ltr'><strong>duribus</strong></span> <span class='ocrx_word' id='word_1_216' title='bbox 292 3149 341 3209; x_wconf 91' lang='lat' dir='ltr'><strong>hic</strong></span> <span class='ocrx_word' id='word_1_217' title='bbox 364 3150 480 3211; x_wconf 79' lang='lat' dir='ltr'><strong>fructus</strong></span> <span class='ocrx_word' id='word_1_218' title='bbox 503 3150 712 3228; x_wconf 87' lang='lat' dir='ltr'><strong>percipiendus</strong></span> <span class='ocrx_word' id='word_1_219' title='bbox 736 3152 811 3231; x_wconf 91' lang='lat' dir='ltr'><strong>erit,</strong></span> 
     </span>
     <span class='ocr_line' id='line_1_35' title="bbox 142 3233 954 3316; baseline -0.004 -18"><span class='ocrx_word' id='word_1_220' title='bbox 142 3238 235 3316; x_wconf 79' lang='lat' dir='ltr'><strong>Atque</strong></span> <span class='ocrx_word' id='word_1_221' title='bbox 258 3238 364 3316; x_wconf 89' lang='lat' dir='ltr'><strong>procul</strong></span> <span class='ocrx_word' id='word_1_222' title='bbox 386 3237 468 3298; x_wconf 80' lang='lat' dir='ltr'><strong>Latio</strong></span> <span class='ocrx_word' id='word_1_223' title='bbox 492 3239 642 3299; x_wconf 86' lang='lat' dir='ltr'><strong>diversum</strong></span> <span class='ocrx_word' id='word_1_224' title='bbox 665 3241 774 3299; x_wconf 91' lang='lat' dir='ltr'><strong>missus</strong></span> <span class='ocrx_word' id='word_1_225' title='bbox 797 3239 828 3298; x_wconf 90' lang='lat' dir='ltr'><strong>iu</strong></span> <span class='ocrx_word' id='word_1_226' title='bbox 852 3233 954 3295; x_wconf 90' lang='lat' dir='ltr'><strong>orbem</strong></span> 
     </span>
     <span class='ocr_line' id='line_1_36' title="bbox 86 3322 841 3406; baseline 0.001 -25"><span class='ocrx_word' id='word_1_227' title='bbox 86 3322 128 3381; x_wconf 79' lang='lat'><strong>⁷0</strong></span> <span class='ocrx_word' id='word_1_228' title='bbox 143 3325 198 3396; x_wconf 83' lang='lat' dir='ltr'><strong>Oui</strong></span> <span class='ocrx_word' id='word_1_229' title='bbox 221 3333 323 3388; x_wconf 80' lang='lat' dir='ltr'><strong>narret</strong></span> <span class='ocrx_word' id='word_1_230' title='bbox 346 3327 475 3406; x_wconf 90' lang='lat' dir='ltr'><strong>cupido,</strong></span> <span class='ocrx_word' id='word_1_231' title='bbox 497 3329 545 3386; x_wconf 83' lang='lat' dir='ltr'><strong>vix</strong></span> <span class='ocrx_word' id='word_1_232' title='bbox 569 3329 627 3387; x_wconf 86' lang='grc'><strong>3111</strong></span> <span class='ocrx_word' id='word_1_233' title='bbox 639 3371 648 3404; x_wconf 95' lang='lat'><strong>,</strong></span> <span class='ocrx_word' id='word_1_234' title='bbox 671 3328 728 3385; x_wconf 87' lang='lat' dir='ltr'><strong>ista</strong></span> <span class='ocrx_word' id='word_1_235' title='bbox 751 3323 841 3383; x_wconf 90' lang='lat' dir='ltr'><strong>mihi.</strong></span> 
     </span>
     <span class='ocr_line' id='line_1_37' title="bbox 141 3410 1058 3493; baseline 0 -20"><span class='ocrx_word' id='word_1_236' title='bbox 141 3414 169 3474; x_wconf 91' lang='lat' dir='ltr'><strong>ls</strong></span> <span class='ocrx_word' id='word_1_237' title='bbox 188 3431 307 3493; x_wconf 93' lang='lat' dir='ltr'><strong>quoque</strong></span> <span class='ocrx_word' id='word_1_238' title='bbox 325 3415 385 3474; x_wconf 84' lang='lat' dir='ltr'><strong>iam</strong></span> <span class='ocrx_word' id='word_1_239' title='bbox 403 3432 503 3475; x_wconf 90' lang='lat' dir='ltr'><strong>serum</strong></span> <span class='ocrx_word' id='word_1_240' title='bbox 522 3414 633 3474; x_wconf 84' lang='lat' dir='ltr'><strong>referet</strong></span> <span class='ocrx_word' id='word_1_241' title='bbox 652 3419 839 3491; x_wconf 85' lang='lat' dir='ltr'><strong>veteremque</strong></span> <span class='ocrx_word' id='word_1_242' title='bbox 860 3410 1058 3493; x_wconf 88' lang='lat' dir='ltr'><strong>triumphum:</strong></span> 
     </span>
     <span class='ocr_line' id='line_1_38' title="bbox 143 3499 859 3581; baseline -0.004 -18"><span class='ocrx_word' id='word_1_243' title='bbox 143 3502 206 3573; x_wconf 83' lang='lat' dir='ltr'><strong>Ouo</strong></span> <span class='ocrx_word' id='word_1_244' title='bbox 230 3511 329 3563; x_wconf 85' lang='lat' dir='ltr'><strong>tamen</strong></span> <span class='ocrx_word' id='word_1_245' title='bbox 352 3502 472 3563; x_wconf 81' lang='lat' dir='ltr'><strong>audiero</strong></span> <span class='ocrx_word' id='word_1_246' title='bbox 496 3510 652 3581; x_wconf 88' lang='lat' dir='ltr'><strong>tempore,</strong></span> <span class='ocrx_word' id='word_1_247' title='bbox 675 3499 769 3560; x_wconf 81' lang='lat' dir='ltr'><strong>laetus</strong></span> <span class='ocrx_word' id='word_1_248' title='bbox 792 3517 859 3560; x_wconf 87' lang='lat' dir='ltr'><strong>ero.</strong></span> 
     </span>
     <span class='ocr_line' id='line_1_39' title="bbox 97 3604 898 3656; baseline 0.005 -8"><span class='ocrx_word' id='word_1_249' title='bbox 97 3604 185 3652; x_wconf 78' lang='lat' dir='ltr'><strong>orm.</strong></span> <span class='ocrx_word' id='word_1_250' title='bbox 211 3613 257 3656; x_wconf 85' lang='lat' dir='ltr'><strong>m</strong></span> <span class='ocrx_word' id='word_1_251' title='bbox 881 3604 898 3652; x_wconf 81' lang='lat' dir='ltr'><strong>o</strong></span> 
     </span>
    </p>
   </div>
   <div class='ocr_carea' id='block_1_3' title="bbox 0 0 1214 3892">
    <p class='ocr_par' dir='ltr' id='par_1_3' title="bbox 0 0 1214 3892">
     <span class='ocr_line' id='line_1_40' title="bbox 0 0 1214 3892; baseline 0 0"><span class='ocrx_word' id='word_1_252' title='bbox 0 0 1214 3892; x_wconf 95' lang='lat' dir='ltr'><strong> </strong></span> 
     </span>
    </p>
   </div>
  </div>
 </body>
</html>
