2386 3892
424 187 456 237 V.
475 186 609 240 tae-vl.
628 188 670 239 49.
810 237 815 242 .
983 185 1048 251 333

135 349 212 409 Ecce
235 348 305 408 deas
329 349 408 409 virli:
440 367 498 409 uorr
523 367 596 428 quas
618 346 795 429 praeceptor
818 348 919 411 arandi
994 358 997 363 ⁴

182 436 318 517 Viderat,
341 439 483 496 Ascraeas
507 455 574 498 cum
598 434 775 516 sequeretur
797 454 885 518 ores3

88 538 120 584 15
135 525 196 584 Nec
219 543 292 604 quas
316 523 478 585 Priamides
500 527 531 584 iu
555 542 683 604 aquosae
705 525 829 587 vallibus
852 525 920 587 ldae

164 611 333 689 ¹Contulit:
365 632 400 673 ex
424 611 482 672 iilis
505 612 557 672 sed
581 620 679 673 tamen
702 631 761 674 una
785 614 857 675 luit.

136 700 178 760 Er
203 701 259 760 illis
283 702 339 760 luit
362 719 440 761 una:
472 701 519 760 sui
542 718 680 778 germana
704 702 819 782 mariti3

179 788 258 848 Haec
282 797 345 848 erat
358 835 367 867 ,
390 789 495 866 agnovi
507 833 516 868 ,
540 806 614 866 quae
638 794 695 849 stat
716 789 748 849 in
772 806 840 849 aree
863 788 956 850 loris.

136 876 317 937 llorrueram
341 879 489 954 tacitoque
512 878 642 936 animum
665 876 776 955 pallore
800 875 930 938 latebas.

88 978 122 1025 ao
180 965 255 1025 'lurn
279 964 333 1024 dea
346 1011 354 1044 ,
379 981 452 1042 quos
476 964 546 1024 iecit
559 1009 568 1044 ,
591 963 713 1026 sustulit
735 967 798 1044 ipsa
823 973 937 1025 mettis.
961 1010 964 1015 .

136 1054 267 1131 Namque
291 1055 331 1113 ait
355 1047 387 1112 ‘o
411 1058 514 1132 rates,
537 1051 661 1113 Romani
683 1052 819 1114 conditor
842 1053 929 1136 anni,

181 1141 258 1201 Ause
281 1159 335 1219 per
358 1143 479 1219 exiguos
502 1159 605 1219 magna
628 1141 742 1202 referre
765 1142 886 1223 modos,

137 1230 186 1288 Ius
210 1228 264 1288 tibi
287 1229 383 1290 fecisti
405 1244 514 1290 numen
539 1228 665 1290 caeleste
689 1229 824 1310 videndi,

182 1317 255 1377 Cum
278 1315 388 1395 placuit
410 1319 543 1378 numeris
565 1317 694 1378 condere
717 1318 792 1378 testa
816 1318 893 1378 tuis.

89 1418 123 1464 25
138 1405 181 1464 Ne
205 1415 302 1464 tamen
326 1407 445 1482 ignores
468 1405 605 1485 volgique
629 1422 731 1466 errore
753 1403 899 1485 traharis,

182 1493 284 1553 lrruius
308 1511 322 1552 a
346 1499 449 1554 nostro
473 1496 591 1554 nomine
614 1510 723 1555 nomen
745 1488 850 1554 habet.

138 1581 190 1640 Est
214 1581 322 1659 aliquid
345 1583 483 1660 nupsisse
506 1580 566 1642 lovi
579 1629 588 1664 ,
611 1581 688 1641 lovis
713 1598 778 1642 esse
802 1596 952 1642 sororem.

182 1668 284 1730 Fratre
308 1671 422 1748 magis,
446 1667 572 1750 dubito,
595 1668 728 1750 glorier,
750 1685 826 1730 anne
849 1671 930 1729 viro.

139 1757 169 1816 Si
193 1776 286 1834 genus
310 1759 475 1838 aspicitur,
499 1756 658 1819 Saturnum
682 1759 776 1837 prima
799 1764 951 1835 parentent

90 1858 123 1905 30
181 1844 272 1925 Feci,
296 1845 415 1905 Saturni
439 1862 504 1906 sors
527 1863 581 1926 ego
603 1847 698 1924 prima
722 1846 781 1906 lui.
958 1838 965 1847 ”

138 1933 159 1991 Α
183 1941 266 2011 patre
289 1934 367 1995 dicta
390 1951 457 1994 meo
481 1934 627 2013 quondam
652 1933 789 1995 Saturnia
812 1932 905 1994 Roma
928 1940 990 2014 est,

182 2021 260 2082 llaec
283 2021 325 2081 illi
348 2041 364 2083 a
389 2021 469 2082 caelo
491 2026 625 2101 proxima
648 2029 727 2082 terra
751 2021 823 2082 luit.

139 2110 169 2169 Si
192 2119 276 2169 torus
299 2111 329 2168 in
351 2111 448 2188 pretio
471 2117 538 2189 est,
559 2109 644 2170 dicor
665 2120 799 2171 matrona
822 2106 981 2189 Tonantis,

182 2197 343 2274 iunctaque
366 2194 492 2272 Tarpeio
515 2203 585 2256 sunt
606 2212 671 2256 mea
695 2195 801 2274 templa
824 2196 902 2257 lori.

90 2297 122 2347 55
138 2287 180 2345 Au
204 2286 300 2363 potuit
323 2283 397 2343 Maio
420 2280 522 2361 paelex
544 2281 615 2342 dare
638 2285 756 2344 uomina
778 2285 874 2343 mensi
886 2328 896 2364 ,
952 2274 960 2285 '

182 2372 236 2433 llic
259 2372 354 2431 honor
377 2373 407 2431 in
431 2367 517 2431 nobis
539 2368 701 2431 invidiosus
724 2365 808 2430 erit‘l

139 2462 198 2522 Gur
221 2463 311 2539 igitur
334 2461 436 2537 regina
458 2474 547 2518 vocor
569 2458 767 2537 princepsque
791 2456 932 2537 dearum,

181 2549 278 2609 Aurea
301 2565 356 2608 cur
379 2545 501 2606 dextrae
522 2554 639 2625 sceptra
661 2544 771 2607 dedero
794 2541 903 2607 meae?

138 2638 180 2696 An
205 2638 314 2697 sacient
336 2650 468 2695 mensem
491 2632 595 2714 luces,
617 2633 788 2712 Lucinaque
810 2632 847 2694 ab
869 2632 928 2693 illis

90 2737 123 2784 ao
182 2725 291 2806 Dicar,
315 2732 345 2785 et
367 2741 384 2784 a
408 2721 489 2784 nullo
511 2724 630 2783 uomina
653 2738 755 2784 meuse
777 2717 919 2783 naham?

138 2812 212 2871 Turn
236 2832 283 2874 me
305 2814 455 2893 paeniteat
476 2813 612 2890 posuisse
634 2808 761 2870 fideliter·
782 2811 843 2872 iras

64 2955 70 2967 ,
182 2898 216 2957 ln
238 2918 331 2977 genus
355 2899 491 2960 Electrae
513 2896 747 2978 Bardaoiamque
770 2897 908 2961 domum.

139 2984 231 3044 Carisa
254 2987 361 3066 duplex
382 2990 463 3048 irae:
493 2994 578 3066 rapto
600 2985 768 3068 Ganymede
790 2984 943 3064 dolebam,

182 3072 288 3134 Forma
311 3092 429 3154 quoque
451 3074 538 3136 idaeo
559 3073 659 3137 iudice
680 3077 758 3136 ricta
780 3090 846 3134 mea
867 3079 931 3132 est.

90 3173 123 3220 45
139 3161 311 3241 Paeniteat,
334 3164 412 3241 quod
435 3181 495 3224 non
519 3161 604 3223 iosoo
627 3162 812 3240 Carthaginis
835 3176 937 3242 arces,

183 3250 256 3310 Cum
280 3267 344 3311 mea
368 3254 427 3313 sint
448 3250 499 3310 illo
522 3268 630 3312 currus
653 3258 683 3311 et
705 3263 786 3310 arma
808 3247 891 3308 loco.
926 3246 929 3251 ’

139 3337 291 3399 Paeiriteat
313 3338 439 3419 Sparten
462 3338 615 3417 Argosque
638 3354 777 3415 measque
800 3334 937 3417 Mycenas

182 3426 219 3488 Et
242 3433 372 3487 veterem
395 3425 479 3487 Latio
502 3427 695 3505 supposuisse
718 3423 849 3488 &mont

137 3515 218 3575 Adde
241 3532 343 3595 senem
366 3511 506 3596 Tatium,
528 3511 774 3593 Iunonicolasque
795 3512 943 3594 Faliscos,
