<?xml version="1.0" encoding="UTF-8"?>
<!DOCTYPE html PUBLIC "-//W3C//DTD XHTML 1.0 Transitional//EN"
    "http://www.w3.org/TR/xhtml1/DTD/xhtml1-transitional.dtd">
<html xmlns="http://www.w3.org/1999/xhtml" xml:lang="en" lang="en">
 <head>
  <title>
</title>
<meta http-equiv="Content-Type" content="text/html;charset=utf-8" />
  <meta name='ocr-system' content='tesseract 3.04.00' />
  <meta name='ocr-capabilities' content='ocr_page ocr_carea ocr_par ocr_line ocrx_word'/>
</head>
<body>
  <div class='ocr_page' id='page_1' title='image "./ovidiusexiterat00ovidgoog_0145.png"; bbox 0 0 2386 3892; ppageno 0'>
   <div class='ocr_carea' id='block_1_1' title="bbox 91 184 676 249">
    <p class='ocr_par' dir='ltr' id='par_1_1' title="bbox 91 184 676 249">
     <span class='ocr_line' id='line_1_1' title="bbox 91 184 676 249; baseline -0.002 -14"><span class='ocrx_word' id='word_1_1' title='bbox 91 184 136 249; x_wconf 86' lang='lat'><strong>94</strong></span> <span class='ocrx_word' id='word_1_2' title='bbox 506 185 676 236; x_wconf 82' lang='lat' dir='ltr'><strong>rmsrrum</strong></span> 
     </span>
    </p>
   </div>
   <div class='ocr_carea' id='block_1_2' title="bbox 133 345 1072 1476">
    <p class='ocr_par' dir='ltr' id='par_1_2' title="bbox 133 345 1072 1476">
     <span class='ocr_line' id='line_1_2' title="bbox 179 345 810 428; baseline -0.003 -20"><span class='ocrx_word' id='word_1_3' title='bbox 179 348 254 428; x_wconf 89' lang='lat' dir='ltr'><strong>ilio,</strong></span> <span class='ocrx_word' id='word_1_4' title='bbox 278 350 327 409; x_wconf 87' lang='lat' dir='ltr'><strong>cui</strong></span> <span class='ocrx_word' id='word_1_5' title='bbox 350 357 455 428; x_wconf 88' lang='lat' dir='ltr'><strong>paret,</strong></span> <span class='ocrx_word' id='word_1_6' title='bbox 479 349 579 408; x_wconf 91' lang='lat' dir='ltr'><strong>mitius</strong></span> <span class='ocrx_word' id='word_1_7' title='bbox 602 346 682 407; x_wconf 91' lang='lat' dir='ltr'><strong>orbis</strong></span> <span class='ocrx_word' id='word_1_8' title='bbox 706 345 810 406; x_wconf 89' lang='lat' dir='ltr'><strong>habet.</strong></span> 
     </span>
     <span class='ocr_line' id='line_1_3' title="bbox 181 432 959 514; baseline -0.005 -18"><span class='ocrx_word' id='word_1_9' title='bbox 181 436 301 496; x_wconf 82' lang='lat' dir='ltr'><strong>Scilicet</strong></span> <span class='ocrx_word' id='word_1_10' title='bbox 324 445 357 496; x_wconf 89' lang='lat' dir='ltr'><strong>nt</strong></span> <span class='ocrx_word' id='word_1_11' title='bbox 380 453 439 495; x_wconf 96' lang='lat' dir='ltr'><strong>non</strong></span> <span class='ocrx_word' id='word_1_12' title='bbox 463 443 509 495; x_wconf 91' lang='lat' dir='ltr'><strong>est</strong></span> <span class='ocrx_word' id='word_1_13' title='bbox 532 453 586 514; x_wconf 91' lang='lat' dir='ltr'><strong>per</strong></span> <span class='ocrx_word' id='word_1_14' title='bbox 609 436 668 494; x_wconf 92' lang='lat' dir='ltr'><strong>vim</strong></span> <span class='ocrx_word' id='word_1_15' title='bbox 691 432 866 512; x_wconf 89' lang='lat' dir='ltr'><strong>superabilis</strong></span> <span class='ocrx_word' id='word_1_16' title='bbox 890 432 959 514; x_wconf 88' lang='lat' dir='ltr'><strong>ulii,</strong></span> 
     </span>
     <span class='ocr_line' id='line_1_4' title="bbox 180 521 938 601; baseline -0.003 -19"><span class='ocrx_word' id='word_1_17' title='bbox 180 523 266 582; x_wconf 90' lang='lat' dir='ltr'><strong>Moiie</strong></span> <span class='ocrx_word' id='word_1_18' title='bbox 290 541 342 582; x_wconf 91' lang='lat' dir='ltr'><strong>eor</strong></span> <span class='ocrx_word' id='word_1_19' title='bbox 366 523 401 582; x_wconf 91' lang='lat' dir='ltr'><strong>ad</strong></span> <span class='ocrx_word' id='word_1_20' title='bbox 426 523 542 582; x_wconf 90' lang='lat' dir='ltr'><strong>timidas</strong></span> <span class='ocrx_word' id='word_1_21' title='bbox 566 524 609 582; x_wconf 93' lang='lat' dir='ltr'><strong>sic</strong></span> <span class='ocrx_word' id='word_1_22' title='bbox 633 521 721 582; x_wconf 89' lang='lat' dir='ltr'><strong>habet</strong></span> <span class='ocrx_word' id='word_1_23' title='bbox 743 521 792 581; x_wconf 91' lang='lat' dir='ltr'><strong>iiie</strong></span> <span class='ocrx_word' id='word_1_24' title='bbox 816 538 938 601; x_wconf 81' lang='lat' dir='ltr'>preces,</span> 
     </span>
     <span class='ocr_line' id='line_1_5' title="bbox 181 609 1072 691; baseline -0.002 -21"><span class='ocrx_word' id='word_1_25' title='bbox 181 610 381 689; x_wconf 80' lang='lat' dir='ltr'>Exemploque</span> <span class='ocrx_word' id='word_1_26' title='bbox 405 611 515 691; x_wconf 86' lang='lat' dir='ltr'><strong>deum,</strong></span> <span class='ocrx_word' id='word_1_27' title='bbox 539 609 646 688; x_wconf 86' lang='lat' dir='ltr'><strong>quibus</strong></span> <span class='ocrx_word' id='word_1_28' title='bbox 670 626 845 670; x_wconf 92' lang='lat' dir='ltr'><strong>accessurus</strong></span> <span class='ocrx_word' id='word_1_29' title='bbox 868 617 899 668; x_wconf 92' lang='lat' dir='ltr'><strong>et</strong></span> <span class='ocrx_word' id='word_1_30' title='bbox 921 610 984 688; x_wconf 91' lang='lat' dir='ltr'><strong>ipse</strong></span> <span class='ocrx_word' id='word_1_31' title='bbox 1009 618 1072 688; x_wconf 87' lang='lat' dir='ltr'><strong>est,</strong></span> 
     </span>
     <span class='ocr_line' id='line_1_6' title="bbox 133 695 940 777; baseline -0.005 -17"><span class='ocrx_word' id='word_1_32' title='bbox 133 695 205 776; x_wconf 85' lang='lat'><strong>30†</strong></span> <span class='ocrx_word' id='word_1_33' title='bbox 228 698 302 759; x_wconf 87' lang='lat' dir='ltr'><strong>Cum</strong></span> <span class='ocrx_word' id='word_1_34' title='bbox 325 716 436 777; x_wconf 88' lang='lat' dir='ltr'><strong>poenae</strong></span> <span class='ocrx_word' id='word_1_35' title='bbox 460 699 543 757; x_wconf 89' lang='lat' dir='ltr'><strong>venia</strong></span> <span class='ocrx_word' id='word_1_36' title='bbox 567 697 651 776; x_wconf 89' lang='lat' dir='ltr'><strong>plura</strong></span> <span class='ocrx_word' id='word_1_37' title='bbox 674 696 802 775; x_wconf 86' lang='lat' dir='ltr'><strong>roganda</strong></span> <span class='ocrx_word' id='word_1_38' title='bbox 825 705 940 775; x_wconf 85' lang='lat' dir='ltr'><strong>petam.</strong></span> 
     </span>
     <span class='ocr_line' id='line_1_7' title="bbox 183 784 855 865; baseline -0.001 -20"><span class='ocrx_word' id='word_1_39' title='bbox 183 786 214 846; x_wconf 89' lang='lat' dir='ltr'><strong>Si</strong></span> <span class='ocrx_word' id='word_1_40' title='bbox 237 803 377 846; x_wconf 81' lang='lat' dir='ltr'><strong>numeres</strong></span> <span class='ocrx_word' id='word_1_41' title='bbox 400 803 476 845; x_wconf 95' lang='lat' dir='ltr'><strong>anno</strong></span> <span class='ocrx_word' id='word_1_42' title='bbox 501 784 577 845; x_wconf 89' lang='lat' dir='ltr'><strong>soles</strong></span> <span class='ocrx_word' id='word_1_43' title='bbox 602 794 631 845; x_wconf 91' lang='lat' dir='ltr'><strong>et</strong></span> <span class='ocrx_word' id='word_1_44' title='bbox 654 784 753 845; x_wconf 88' lang='lat' dir='ltr'><strong>nubila</strong></span> <span class='ocrx_word' id='word_1_45' title='bbox 777 793 855 865; x_wconf 86' lang='lat' dir='ltr'><strong>toto,</strong></span> 
     </span>
     <span class='ocr_line' id='line_1_8' title="bbox 182 872 813 954; baseline 0 -22"><span class='ocrx_word' id='word_1_46' title='bbox 182 872 316 934; x_wconf 77' lang='lat' dir='ltr'><strong>Invenies</strong></span> <span class='ocrx_word' id='word_1_47' title='bbox 341 873 465 933; x_wconf 92' lang='lat' dir='ltr'><strong>nitidum</strong></span> <span class='ocrx_word' id='word_1_48' title='bbox 489 875 608 951; x_wconf 87' lang='lat' dir='ltr'><strong>saepius</strong></span> <span class='ocrx_word' id='word_1_49' title='bbox 631 873 813 954; x_wconf 90' lang='lat' dir='ltr'><strong>essediem.</strong></span> 
     </span>
     <span class='ocr_line' id='line_1_9' title="bbox 181 959 850 1039; baseline -0.001 -19"><span class='ocrx_word' id='word_1_50' title='bbox 181 960 259 1039; x_wconf 83' lang='lat' dir='ltr'><strong>Ergo</strong></span> <span class='ocrx_word' id='word_1_51' title='bbox 283 979 320 1020; x_wconf 93' lang='lat' dir='ltr'><strong>ne</strong></span> <span class='ocrx_word' id='word_1_52' title='bbox 344 963 466 1020; x_wconf 90' lang='lat' dir='ltr'><strong>nimium</strong></span> <span class='ocrx_word' id='word_1_53' title='bbox 490 968 590 1020; x_wconf 89' lang='lat' dir='ltr'><strong>nostra</strong></span> <span class='ocrx_word' id='word_1_54' title='bbox 613 959 723 1021; x_wconf 90' lang='lat' dir='ltr'><strong>laetere</strong></span> <span class='ocrx_word' id='word_1_55' title='bbox 746 961 850 1034; x_wconf 90' lang='lat' dir='ltr'><strong>ruina,</strong></span> 
     </span>
     <span class='ocr_line' id='line_1_10' title="bbox 182 1046 913 1126; baseline -0.001 -19"><span class='ocrx_word' id='word_1_56' title='bbox 182 1048 310 1108; x_wconf 88' lang='lat' dir='ltr'><strong>Restitui</strong></span> <span class='ocrx_word' id='word_1_57' title='bbox 333 1046 480 1126; x_wconf 86' lang='lat' dir='ltr'><strong>quondam</strong></span> <span class='ocrx_word' id='word_1_58' title='bbox 503 1065 551 1107; x_wconf 93' lang='lat' dir='ltr'><strong>me</strong></span> <span class='ocrx_word' id='word_1_59' title='bbox 575 1065 692 1126; x_wconf 90' lang='lat' dir='ltr'><strong>quoque</strong></span> <span class='ocrx_word' id='word_1_60' title='bbox 715 1065 802 1126; x_wconf 93' lang='lat' dir='ltr'><strong>posse</strong></span> <span class='ocrx_word' id='word_1_61' title='bbox 825 1054 913 1126; x_wconf 89' lang='lat' dir='ltr'><strong>puta.</strong></span> 
     </span>
     <span class='ocr_line' id='line_1_11' title="bbox 133 1135 867 1215; baseline -0.004 -18"><span class='ocrx_word' id='word_1_62' title='bbox 133 1148 167 1197; x_wconf 85' lang='lat'><strong>35</strong></span> <span class='ocrx_word' id='word_1_63' title='bbox 182 1135 274 1195; x_wconf 88' lang='lat' dir='ltr'><strong>Posse</strong></span> <span class='ocrx_word' id='word_1_64' title='bbox 296 1143 367 1213; x_wconf 91' lang='lat' dir='ltr'><strong>puta</strong></span> <span class='ocrx_word' id='word_1_65' title='bbox 390 1136 455 1194; x_wconf 90' lang='lat' dir='ltr'><strong>fieri</strong></span> <span class='ocrx_word' id='word_1_66' title='bbox 467 1181 476 1215; x_wconf 89' lang='lat'><em>‚</em></span> <span class='ocrx_word' id='word_1_67' title='bbox 499 1135 589 1195; x_wconf 92' lang='lat' dir='ltr'><strong>lenito</strong></span> <span class='ocrx_word' id='word_1_68' title='bbox 612 1137 745 1214; x_wconf 85' lang='lat' dir='ltr'><strong>principe</strong></span> <span class='ocrx_word' id='word_1_69' title='bbox 769 1135 867 1196; x_wconf 90' lang='lat' dir='ltr'><strong>vuitus</strong></span> 
     </span>
     <span class='ocr_line' id='line_1_12' title="bbox 182 1221 856 1300; baseline -0.003 -17"><span class='ocrx_word' id='word_1_70' title='bbox 182 1221 220 1283; x_wconf 94' lang='lat' dir='ltr'><strong>Ut</strong></span> <span class='ocrx_word' id='word_1_71' title='bbox 242 1222 341 1282; x_wconf 90' lang='lat' dir='ltr'><strong>videas</strong></span> <span class='ocrx_word' id='word_1_72' title='bbox 365 1222 459 1283; x_wconf 86' lang='lat' dir='ltr'><strong>media</strong></span> <span class='ocrx_word' id='word_1_73' title='bbox 484 1225 576 1282; x_wconf 90' lang='lat' dir='ltr'><strong>tristis</strong></span> <span class='ocrx_word' id='word_1_74' title='bbox 599 1225 630 1282; x_wconf 94' lang='lat' dir='ltr'><strong>in</strong></span> <span class='ocrx_word' id='word_1_75' title='bbox 654 1221 732 1282; x_wconf 87' lang='lat' dir='ltr'><strong>Urbe</strong></span> <span class='ocrx_word' id='word_1_76' title='bbox 755 1239 856 1300; x_wconf 87' lang='lat' dir='ltr'><strong>meos,</strong></span> 
     </span>
     <span class='ocr_line' id='line_1_13' title="bbox 182 1309 985 1388; baseline 0 -19"><span class='ocrx_word' id='word_1_77' title='bbox 182 1309 278 1388; x_wconf 90' lang='lat' dir='ltr'><strong>thue</strong></span> <span class='ocrx_word' id='word_1_78' title='bbox 302 1328 355 1388; x_wconf 81' lang='lat' dir='ltr'><strong>ego</strong></span> <span class='ocrx_word' id='word_1_79' title='bbox 380 1319 408 1371; x_wconf 92' lang='lat' dir='ltr'><strong>te</strong></span> <span class='ocrx_word' id='word_1_80' title='bbox 432 1309 545 1369; x_wconf 79' lang='lat' dir='ltr'><strong>videam</strong></span> <span class='ocrx_word' id='word_1_81' title='bbox 569 1327 656 1370; x_wconf 90' lang='lat' dir='ltr'><strong>causa</strong></span> <span class='ocrx_word' id='word_1_82' title='bbox 679 1311 812 1388; x_wconf 84' lang='lat' dir='ltr'><strong>graviore</strong></span> <span class='ocrx_word' id='word_1_83' title='bbox 835 1310 985 1388; x_wconf 84' lang='lat' dir='ltr'><strong>iugatum.</strong></span> 
     </span>
     <span class='ocr_line' id='line_1_14' title="bbox 181 1395 937 1476; baseline -0.001 -19"><span class='ocrx_word' id='word_1_84' title='bbox 181 1395 260 1458; x_wconf 84' lang='lat' dir='ltr'><strong>Haec</strong></span> <span class='ocrx_word' id='word_1_85' title='bbox 284 1406 353 1459; x_wconf 92' lang='lat' dir='ltr'><strong>sunt</strong></span> <span class='ocrx_word' id='word_1_86' title='bbox 376 1415 393 1458; x_wconf 93' lang='lat' dir='ltr'><strong>a</strong></span> <span class='ocrx_word' id='word_1_87' title='bbox 415 1399 519 1476; x_wconf 91' lang='lat' dir='ltr'><strong>primis</strong></span> <span class='ocrx_word' id='word_1_88' title='bbox 541 1399 674 1476; x_wconf 83' lang='lat' dir='ltr'><strong>proxima</strong></span> <span class='ocrx_word' id='word_1_89' title='bbox 698 1406 762 1458; x_wconf 88' lang='lat' dir='ltr'><strong>vota</strong></span> <span class='ocrx_word' id='word_1_90' title='bbox 785 1398 876 1457; x_wconf 89' lang='lat' dir='ltr'><strong>meis.</strong></span> <span class='ocrx_word' id='word_1_91' title='bbox 935 1420 937 1424; x_wconf 50' lang='lat'><em>⁴</em></span> 
     </span>
    </p>
   </div>
   <div class='ocr_carea' id='block_1_3' title="bbox 534 1587 647 1660">
    <p class='ocr_par' dir='ltr' id='par_1_3' title="bbox 534 1587 647 1660">
     <span class='ocr_line' id='line_1_15' title="bbox 534 1587 647 1660; baseline 0 0"><span class='ocrx_word' id='word_1_92' title='bbox 534 1587 647 1660; x_wconf 80' lang='grc'><strong>111111.</strong></span> 
     </span>
    </p>
   </div>
   <div class='ocr_carea' id='block_1_4' title="bbox 136 1745 1086 3575">
    <p class='ocr_par' dir='ltr' id='par_1_4' title="bbox 182 1745 1052 2087">
     <span class='ocr_line' id='line_1_16' title="bbox 183 1745 888 1826; baseline 0.001 -20"><span class='ocrx_word' id='word_1_93' title='bbox 183 1745 207 1806; x_wconf 89' lang='grc'>0</span> <span class='ocrx_word' id='word_1_94' title='bbox 231 1753 281 1806; x_wconf 89' lang='lat' dir='ltr'><strong>tua</strong></span> <span class='ocrx_word' id='word_1_95' title='bbox 305 1747 330 1805; x_wconf 94' lang='lat' dir='ltr'><strong>si</strong></span> <span class='ocrx_word' id='word_1_96' title='bbox 353 1746 466 1806; x_wconf 87' lang='lat' dir='ltr'><strong>sineres</strong></span> <span class='ocrx_word' id='word_1_97' title='bbox 489 1748 520 1805; x_wconf 91' lang='lat' dir='ltr'><strong>in</strong></span> <span class='ocrx_word' id='word_1_98' title='bbox 544 1748 653 1807; x_wconf 90' lang='lat' dir='ltr'><strong>nostris</strong></span> <span class='ocrx_word' id='word_1_99' title='bbox 676 1748 795 1807; x_wconf 88' lang='lat' dir='ltr'><strong>nomina</strong></span> <span class='ocrx_word' id='word_1_100' title='bbox 817 1747 888 1826; x_wconf 88' lang='lat' dir='ltr'><strong>poni</strong></span> 
     </span>
     <span class='ocr_line' id='line_1_17' title="bbox 183 1831 965 1914; baseline 0.003 -22"><span class='ocrx_word' id='word_1_101' title='bbox 183 1833 390 1914; x_wconf 79' lang='lat' dir='ltr'><strong>Carminibus,</strong></span> <span class='ocrx_word' id='word_1_102' title='bbox 413 1835 527 1912; x_wconf 92' lang='lat' dir='ltr'><strong>positus</strong></span> <span class='ocrx_word' id='word_1_103' title='bbox 551 1851 639 1912; x_wconf 86' lang='lat' dir='ltr'><strong>quam</strong></span> <span class='ocrx_word' id='word_1_104' title='bbox 663 1834 734 1894; x_wconf 90' lang='lat' dir='ltr'><strong>mihi</strong></span> <span class='ocrx_word' id='word_1_105' title='bbox 758 1851 843 1912; x_wconf 84' lang='lat' dir='ltr'><strong>saepe</strong></span> <span class='ocrx_word' id='word_1_106' title='bbox 868 1831 965 1894; x_wconf 89' lang='lat' dir='ltr'><strong>ioresi</strong></span> 
     </span>
     <span class='ocr_line' id='line_1_18' title="bbox 182 1919 1052 2002; baseline 0.002 -22"><span class='ocrx_word' id='word_1_107' title='bbox 182 1921 225 1980; x_wconf 86' lang='lat' dir='ltr'><strong>Te</strong></span> <span class='ocrx_word' id='word_1_108' title='bbox 249 1937 385 1980; x_wconf 82' lang='lat' dir='ltr'><strong>canerem</strong></span> <span class='ocrx_word' id='word_1_109' title='bbox 410 1920 527 2002; x_wconf 85' lang='lat' dir='ltr'><strong>solum,</strong></span> <span class='ocrx_word' id='word_1_110' title='bbox 550 1923 648 1982; x_wconf 92' lang='lat' dir='ltr'><strong>meriti</strong></span> <span class='ocrx_word' id='word_1_111' title='bbox 672 1939 806 2001; x_wconf 86' lang='lat' dir='ltr'><strong>memor,</strong></span> <span class='ocrx_word' id='word_1_112' title='bbox 834 1923 924 2000; x_wconf 90' lang='lat' dir='ltr'><strong>inque</strong></span> <span class='ocrx_word' id='word_1_113' title='bbox 948 1919 1052 1982; x_wconf 88' lang='lat' dir='ltr'><strong>libeliis</strong></span> 
     </span>
     <span class='ocr_line' id='line_1_19' title="bbox 185 2008 815 2087; baseline 0.002 -19"><span class='ocrx_word' id='word_1_114' title='bbox 185 2008 333 2068; x_wconf 88' lang='lat' dir='ltr'><strong>Crevisset</strong></span> <span class='ocrx_word' id='word_1_115' title='bbox 355 2011 418 2068; x_wconf 90' lang='lat' dir='ltr'><strong>sine</strong></span> <span class='ocrx_word' id='word_1_116' title='bbox 442 2018 471 2068; x_wconf 92' lang='lat' dir='ltr'><strong>te</strong></span> <span class='ocrx_word' id='word_1_117' title='bbox 495 2010 599 2087; x_wconf 83' lang='lat' dir='ltr'><strong>pagina</strong></span> <span class='ocrx_word' id='word_1_118' title='bbox 623 2008 701 2069; x_wconf 90' lang='lat' dir='ltr'><strong>nulia</strong></span> <span class='ocrx_word' id='word_1_119' title='bbox 725 2011 815 2070; x_wconf 62' lang='lat' dir='ltr'><strong>meis„</strong></span> 
     </span>
    </p>

    <p class='ocr_par' dir='ltr' id='par_1_5' title="bbox 153 2094 959 2507">
     <span class='ocr_line' id='line_1_20' title="bbox 153 2094 929 2178; baseline 0.003 -24"><span class='ocrx_word' id='word_1_120' title='bbox 153 2095 260 2166; x_wconf 81' lang='lat' dir='ltr'><strong>50uid</strong></span> <span class='ocrx_word' id='word_1_121' title='bbox 284 2095 337 2155; x_wconf 92' lang='lat' dir='ltr'><strong>tibi</strong></span> <span class='ocrx_word' id='word_1_122' title='bbox 360 2094 521 2176; x_wconf 86' lang='lat' dir='ltr'><strong>deberem,</strong></span> <span class='ocrx_word' id='word_1_123' title='bbox 544 2103 605 2157; x_wconf 86' lang='lat' dir='ltr'><strong>tota</strong></span> <span class='ocrx_word' id='word_1_124' title='bbox 628 2098 756 2158; x_wconf 87' lang='lat' dir='ltr'><strong>sciretur</strong></span> <span class='ocrx_word' id='word_1_125' title='bbox 779 2098 809 2156; x_wconf 96' lang='lat' dir='ltr'><strong>in</strong></span> <span class='ocrx_word' id='word_1_126' title='bbox 833 2095 929 2178; x_wconf 85' lang='lat' dir='ltr'><strong>Urbe,</strong></span> 
     </span>
     <span class='ocr_line' id='line_1_21' title="bbox 184 2181 834 2263; baseline 0.005 -22"><span class='ocrx_word' id='word_1_127' title='bbox 184 2182 258 2242; x_wconf 80' lang='lat' dir='ltr'><strong>Exul</strong></span> <span class='ocrx_word' id='word_1_128' title='bbox 282 2184 313 2242; x_wconf 95' lang='lat' dir='ltr'><strong>in</strong></span> <span class='ocrx_word' id='word_1_129' title='bbox 337 2185 442 2243; x_wconf 90' lang='lat' dir='ltr'><strong>amissa</strong></span> <span class='ocrx_word' id='word_1_130' title='bbox 465 2185 492 2243; x_wconf 90' lang='lat' dir='ltr'><strong>si</strong></span> <span class='ocrx_word' id='word_1_131' title='bbox 514 2190 612 2243; x_wconf 91' lang='lat' dir='ltr'><strong>tamen</strong></span> <span class='ocrx_word' id='word_1_132' title='bbox 635 2181 713 2244; x_wconf 92' lang='lat' dir='ltr'><strong>Urbe</strong></span> <span class='ocrx_word' id='word_1_133' title='bbox 737 2183 834 2263; x_wconf 83' lang='lat' dir='ltr'><strong>legor.</strong></span> 
     </span>
     <span class='ocr_line' id='line_1_22' title="bbox 183 2269 951 2352; baseline 0.003 -23"><span class='ocrx_word' id='word_1_134' title='bbox 183 2269 225 2329; x_wconf 86' lang='lat' dir='ltr'><strong>Te</strong></span> <span class='ocrx_word' id='word_1_135' title='bbox 249 2288 389 2348; x_wconf 89' lang='lat' dir='ltr'><strong>praesens</strong></span> <span class='ocrx_word' id='word_1_136' title='bbox 412 2272 513 2330; x_wconf 91' lang='lat' dir='ltr'><strong>mitem</strong></span> <span class='ocrx_word' id='word_1_137' title='bbox 536 2279 660 2352; x_wconf 89' lang='lat' dir='ltr'><strong>nosset,</strong></span> <span class='ocrx_word' id='word_1_138' title='bbox 683 2280 713 2331; x_wconf 89' lang='lat' dir='ltr'><strong>te</strong></span> <span class='ocrx_word' id='word_1_139' title='bbox 737 2273 832 2331; x_wconf 90' lang='lat' dir='ltr'><strong>serior</strong></span> <span class='ocrx_word' id='word_1_140' title='bbox 855 2279 951 2350; x_wconf 84' lang='lat' dir='ltr'><strong>aetas,</strong></span> 
     </span>
     <span class='ocr_line' id='line_1_23' title="bbox 184 2357 923 2438; baseline 0.003 -22"><span class='ocrx_word' id='word_1_141' title='bbox 184 2357 299 2436; x_wconf 82' lang='lat' dir='ltr'><strong>Scripta</strong></span> <span class='ocrx_word' id='word_1_142' title='bbox 323 2366 497 2418; x_wconf 86' lang='lat' dir='ltr'><strong>vetustatem</strong></span> <span class='ocrx_word' id='word_1_143' title='bbox 522 2361 547 2419; x_wconf 93' lang='lat' dir='ltr'><strong>si</strong></span> <span class='ocrx_word' id='word_1_144' title='bbox 571 2358 656 2418; x_wconf 94' lang='lat' dir='ltr'><strong>modo</strong></span> <span class='ocrx_word' id='word_1_145' title='bbox 680 2366 782 2419; x_wconf 91' lang='lat' dir='ltr'><strong>nostra</strong></span> <span class='ocrx_word' id='word_1_146' title='bbox 804 2360 923 2438; x_wconf 86' lang='lat' dir='ltr'><strong>ierunt,</strong></span> 
     </span>
     <span class='ocr_line' id='line_1_24' title="bbox 183 2444 959 2507; baseline 0.003 -2"><span class='ocrx_word' id='word_1_147' title='bbox 183 2444 243 2505; x_wconf 90' lang='lat' dir='ltr'><strong>Nec</strong></span> <span class='ocrx_word' id='word_1_148' title='bbox 267 2445 321 2506; x_wconf 91' lang='lat' dir='ltr'><strong>tibi</strong></span> <span class='ocrx_word' id='word_1_149' title='bbox 344 2455 475 2507; x_wconf 77' lang='lat' dir='ltr'><strong>cessaret</strong></span> <span class='ocrx_word' id='word_1_150' title='bbox 498 2446 603 2507; x_wconf 91' lang='lat' dir='ltr'><strong>doctus</strong></span> <span class='ocrx_word' id='word_1_151' title='bbox 627 2445 701 2506; x_wconf 92' lang='lat' dir='ltr'><strong>bene</strong></span> <span class='ocrx_word' id='word_1_152' title='bbox 726 2447 825 2507; x_wconf 84' lang='lat' dir='ltr'><strong>dicere</strong></span> <span class='ocrx_word' id='word_1_153' title='bbox 847 2446 959 2507; x_wconf 91' lang='lat' dir='ltr'><strong>lector.</strong></span> 
     </span>
    </p>

    <p class='ocr_par' dir='ltr' id='par_1_6' title="bbox 137 2533 806 2596">
     <span class='ocr_line' id='line_1_25' title="bbox 137 2533 806 2596; baseline 0.004 -5"><span class='ocrx_word' id='word_1_154' title='bbox 137 2544 168 2592; x_wconf 88' lang='lat'><strong>10</strong></span> <span class='ocrx_word' id='word_1_155' title='bbox 183 2533 237 2593; x_wconf 91' lang='lat' dir='ltr'><strong>Hic</strong></span> <span class='ocrx_word' id='word_1_156' title='bbox 262 2541 290 2593; x_wconf 89' lang='lat' dir='ltr'><strong>te</strong></span> <span class='ocrx_word' id='word_1_157' title='bbox 314 2543 428 2596; x_wconf 87' lang='lat' dir='ltr'><strong>serrato</strong></span> <span class='ocrx_word' id='word_1_158' title='bbox 452 2542 516 2594; x_wconf 89' lang='lat' dir='ltr'><strong>vate</strong></span> <span class='ocrx_word' id='word_1_159' title='bbox 539 2544 672 2594; x_wconf 88' lang='lat' dir='ltr'><strong>maneret</strong></span> <span class='ocrx_word' id='word_1_160' title='bbox 694 2533 806 2594; x_wconf 91' lang='lat' dir='ltr'><strong>honor.</strong></span> 
     </span>
    </p>

    <p class='ocr_par' dir='ltr' id='par_1_7' title="bbox 183 2620 1074 2786">
     <span class='ocr_line' id='line_1_26' title="bbox 183 2620 1074 2701; baseline 0.001 -22"><span class='ocrx_word' id='word_1_161' title='bbox 183 2620 315 2682; x_wconf 88' lang='lat' dir='ltr'><strong>Caesaris</strong></span> <span class='ocrx_word' id='word_1_162' title='bbox 339 2628 384 2682; x_wconf 90' lang='lat' dir='ltr'><strong>est</strong></span> <span class='ocrx_word' id='word_1_163' title='bbox 406 2623 535 2700; x_wconf 90' lang='lat' dir='ltr'><strong>primum</strong></span> <span class='ocrx_word' id='word_1_164' title='bbox 558 2639 687 2700; x_wconf 90' lang='lat' dir='ltr'><strong>munus,</strong></span> <span class='ocrx_word' id='word_1_165' title='bbox 711 2621 789 2700; x_wconf 89' lang='lat' dir='ltr'><strong>quod</strong></span> <span class='ocrx_word' id='word_1_166' title='bbox 812 2622 949 2682; x_wconf 87' lang='lat' dir='ltr'><strong>ducimus</strong></span> <span class='ocrx_word' id='word_1_167' title='bbox 972 2638 1074 2701; x_wconf 80' lang='lat' dir='ltr'><strong>auras5</strong></span> 
     </span>
     <span class='ocr_line' id='line_1_27' title="bbox 183 2706 929 2786; baseline 0.005 -20"><span class='ocrx_word' id='word_1_168' title='bbox 183 2706 281 2767; x_wconf 88' lang='lat' dir='ltr'><strong>Gratia</strong></span> <span class='ocrx_word' id='word_1_169' title='bbox 305 2717 372 2786; x_wconf 93' lang='lat' dir='ltr'><strong>post</strong></span> <span class='ocrx_word' id='word_1_170' title='bbox 396 2726 515 2786; x_wconf 82' lang='lat' dir='ltr'><strong>magnos</strong></span> <span class='ocrx_word' id='word_1_171' title='bbox 539 2716 584 2769; x_wconf 88' lang='lat' dir='ltr'><strong>est</strong></span> <span class='ocrx_word' id='word_1_172' title='bbox 608 2708 661 2769; x_wconf 92' lang='lat' dir='ltr'><strong>tibi</strong></span> <span class='ocrx_word' id='word_1_173' title='bbox 684 2708 816 2768; x_wconf 90' lang='lat' dir='ltr'><strong>habenda</strong></span> <span class='ocrx_word' id='word_1_174' title='bbox 840 2710 929 2771; x_wconf 92' lang='lat' dir='ltr'><strong>deos.</strong></span> 
     </span>
    </p>

    <p class='ocr_par' dir='ltr' id='par_1_8' title="bbox 183 2792 983 2876">
     <span class='ocr_line' id='line_1_28' title="bbox 183 2792 983 2876; baseline 0.006 -24"><span class='ocrx_word' id='word_1_175' title='bbox 183 2792 234 2854; x_wconf 90' lang='lat' dir='ltr'><strong>ilie</strong></span> <span class='ocrx_word' id='word_1_176' title='bbox 258 2794 338 2854; x_wconf 86' lang='lat' dir='ltr'><strong>dedit</strong></span> <span class='ocrx_word' id='word_1_177' title='bbox 360 2797 466 2872; x_wconf 81' lang='lat' dir='ltr'><strong>vitam3</strong></span> <span class='ocrx_word' id='word_1_178' title='bbox 489 2805 540 2873; x_wconf 82' lang='lat' dir='ltr'><strong>tu,</strong></span> <span class='ocrx_word' id='word_1_179' title='bbox 564 2814 650 2874; x_wconf 89' lang='lat' dir='ltr'><strong>quam</strong></span> <span class='ocrx_word' id='word_1_180' title='bbox 674 2795 755 2856; x_wconf 88' lang='lat' dir='ltr'><strong>dedit</strong></span> <span class='ocrx_word' id='word_1_181' title='bbox 777 2795 825 2856; x_wconf 92' lang='lat' dir='ltr'><strong>iiie</strong></span> <span class='ocrx_word' id='word_1_182' title='bbox 838 2841 847 2875; x_wconf 90' lang='lat'><em>,</em></span> <span class='ocrx_word' id='word_1_183' title='bbox 870 2798 983 2876; x_wconf 89' lang='lat' dir='ltr'><strong>tueris,</strong></span> 
     </span>
    </p>

    <p class='ocr_par' dir='ltr' id='par_1_9' title="bbox 183 2880 815 2962">
     <span class='ocr_line' id='line_1_29' title="bbox 183 2880 815 2962; baseline 0.005 -22"><span class='ocrx_word' id='word_1_184' title='bbox 183 2880 221 2941; x_wconf 90' lang='lat' dir='ltr'><strong>Et</strong></span> <span class='ocrx_word' id='word_1_185' title='bbox 244 2881 315 2940; x_wconf 87' lang='lat' dir='ltr'><strong>iacis</strong></span> <span class='ocrx_word' id='word_1_186' title='bbox 339 2890 458 2960; x_wconf 82' lang='lat' dir='ltr'><strong>eccepto</strong></span> <span class='ocrx_word' id='word_1_187' title='bbox 482 2900 605 2944; x_wconf 87' lang='lat' dir='ltr'><strong>munere</strong></span> <span class='ocrx_word' id='word_1_188' title='bbox 629 2901 716 2962; x_wconf 89' lang='lat' dir='ltr'><strong>posse</strong></span> <span class='ocrx_word' id='word_1_189' title='bbox 741 2883 815 2943; x_wconf 81' lang='lat' dir='ltr'><strong>frui.</strong></span> 
     </span>
    </p>

    <p class='ocr_par' dir='ltr' id='par_1_10' title="bbox 137 2968 1048 3399">
     <span class='ocr_line' id='line_1_30' title="bbox 137 2968 1048 3050; baseline 0.003 -22"><span class='ocrx_word' id='word_1_190' title='bbox 137 2980 168 3028; x_wconf 83' lang='lat'><strong>15</strong></span> <span class='ocrx_word' id='word_1_191' title='bbox 183 2968 316 3047; x_wconf 84' lang='lat' dir='ltr'><strong>Cumque</strong></span> <span class='ocrx_word' id='word_1_192' title='bbox 339 2968 544 3046; x_wconf 87' lang='lat' dir='ltr'><strong>perhorruerit</strong></span> <span class='ocrx_word' id='word_1_193' title='bbox 566 2989 651 3031; x_wconf 88' lang='lat' dir='ltr'><strong>casus</strong></span> <span class='ocrx_word' id='word_1_194' title='bbox 674 2988 743 3050; x_wconf 93' lang='lat' dir='ltr'><strong>pars</strong></span> <span class='ocrx_word' id='word_1_195' title='bbox 766 2971 891 3031; x_wconf 86' lang='lat' dir='ltr'><strong>maxima</strong></span> <span class='ocrx_word' id='word_1_196' title='bbox 913 2977 1048 3048; x_wconf 90' lang='lat' dir='ltr'><strong>nostros,</strong></span> 
     </span>
     <span class='ocr_line' id='line_1_31' title="bbox 184 3055 794 3136; baseline 0.003 -20"><span class='ocrx_word' id='word_1_197' title='bbox 184 3055 255 3116; x_wconf 87' lang='lat' dir='ltr'><strong>Pars</strong></span> <span class='ocrx_word' id='word_1_198' title='bbox 278 3058 367 3117; x_wconf 87' lang='lat' dir='ltr'><strong>etiam</strong></span> <span class='ocrx_word' id='word_1_199' title='bbox 389 3056 471 3116; x_wconf 89' lang='lat' dir='ltr'><strong>credi</strong></span> <span class='ocrx_word' id='word_1_200' title='bbox 495 3059 682 3136; x_wconf 86' lang='lat' dir='ltr'><strong>pertimuisse</strong></span> <span class='ocrx_word' id='word_1_201' title='bbox 707 3058 794 3136; x_wconf 87' lang='lat' dir='ltr'><strong>velit,</strong></span> 
     </span>
     <span class='ocr_line' id='line_1_32' title="bbox 182 3143 1015 3224; baseline 0.001 -21"><span class='ocrx_word' id='word_1_202' title='bbox 182 3143 433 3223; x_wconf 82' lang='lat' dir='ltr'><strong>Naufragiumque</strong></span> <span class='ocrx_word' id='word_1_203' title='bbox 456 3162 556 3205; x_wconf 91' lang='lat' dir='ltr'><strong>meum</strong></span> <span class='ocrx_word' id='word_1_204' title='bbox 579 3144 691 3206; x_wconf 92' lang='lat' dir='ltr'><strong>tumulo</strong></span> <span class='ocrx_word' id='word_1_205' title='bbox 715 3146 856 3224; x_wconf 90' lang='lat' dir='ltr'><strong>spectarit</strong></span> <span class='ocrx_word' id='word_1_206' title='bbox 878 3144 916 3206; x_wconf 89' lang='lat' dir='ltr'><strong>ab</strong></span> <span class='ocrx_word' id='word_1_207' title='bbox 938 3144 1015 3224; x_wconf 86' lang='lat' dir='ltr'><strong>aito,</strong></span> 
     </span>
     <span class='ocr_line' id='line_1_33' title="bbox 182 3231 929 3312; baseline 0.003 -21"><span class='ocrx_word' id='word_1_208' title='bbox 182 3231 243 3292; x_wconf 91' lang='lat' dir='ltr'><strong>Nec</strong></span> <span class='ocrx_word' id='word_1_209' title='bbox 267 3232 381 3293; x_wconf 91' lang='lat' dir='ltr'><strong>dederit</strong></span> <span class='ocrx_word' id='word_1_210' title='bbox 405 3235 486 3293; x_wconf 91' lang='lat' dir='ltr'><strong>nanti</strong></span> <span class='ocrx_word' id='word_1_211' title='bbox 510 3251 563 3312; x_wconf 92' lang='lat' dir='ltr'><strong>per</strong></span> <span class='ocrx_word' id='word_1_212' title='bbox 587 3232 661 3293; x_wconf 89' lang='lat' dir='ltr'><strong>ireta</strong></span> <span class='ocrx_word' id='word_1_213' title='bbox 684 3251 768 3294; x_wconf 89' lang='lat' dir='ltr'><strong>saeva</strong></span> <span class='ocrx_word' id='word_1_214' title='bbox 793 3250 929 3312; x_wconf 74' lang='lat' dir='ltr'><strong>maniam,</strong></span> 
     </span>
     <span class='ocr_line' id='line_1_34' title="bbox 184 3318 939 3399; baseline 0.004 -21"><span class='ocrx_word' id='word_1_215' title='bbox 184 3318 368 3380; x_wconf 90' lang='lat' dir='ltr'><strong>Seminecem</strong></span> <span class='ocrx_word' id='word_1_216' title='bbox 392 3320 490 3399; x_wconf 80' lang='lat' dir='ltr'><strong>Stygia</strong></span> <span class='ocrx_word' id='word_1_217' title='bbox 513 3323 658 3382; x_wconf 88' lang='lat' dir='ltr'><strong>revocasti</strong></span> <span class='ocrx_word' id='word_1_218' title='bbox 681 3320 761 3381; x_wconf 89' lang='lat' dir='ltr'><strong>solus</strong></span> <span class='ocrx_word' id='word_1_219' title='bbox 785 3320 820 3381; x_wconf 93' lang='lat' dir='ltr'><strong>ab</strong></span> <span class='ocrx_word' id='word_1_220' title='bbox 844 3320 939 3381; x_wconf 90' lang='lat' dir='ltr'><strong>unda.</strong></span> 
     </span>
    </p>

    <p class='ocr_par' dir='ltr' id='par_1_11' title="bbox 136 3405 1086 3575">
     <span class='ocr_line' id='line_1_35' title="bbox 136 3405 1086 3489; baseline -0.004 -25"><span class='ocrx_word' id='word_1_221' title='bbox 136 3417 169 3466; x_wconf 77' lang='lat'><strong>20</strong></span> <span class='ocrx_word' id='word_1_222' title='bbox 184 3405 246 3466; x_wconf 89' lang='lat' dir='ltr'><strong>Hoc</strong></span> <span class='ocrx_word' id='word_1_223' title='bbox 261 3425 397 3487; x_wconf 87' lang='lat' dir='ltr'><strong>quoque,</strong></span> <span class='ocrx_word' id='word_1_224' title='bbox 412 3407 490 3486; x_wconf 91' lang='lat' dir='ltr'><strong>quod</strong></span> <span class='ocrx_word' id='word_1_225' title='bbox 505 3426 650 3468; x_wconf 89' lang='lat' dir='ltr'><strong>memores</strong></span> <span class='ocrx_word' id='word_1_226' title='bbox 664 3426 823 3487; x_wconf 90' lang='lat' dir='ltr'><strong>possumus</strong></span> <span class='ocrx_word' id='word_1_227' title='bbox 838 3425 903 3469; x_wconf 92' lang='lat' dir='ltr'><strong>esse</strong></span> <span class='ocrx_word' id='word_1_228' title='bbox 912 3455 921 3489; x_wconf 88' lang='lat'><em>,</em></span> <span class='ocrx_word' id='word_1_229' title='bbox 939 3416 1021 3470; x_wconf 91' lang='lat' dir='ltr'><strong>tuum</strong></span> <span class='ocrx_word' id='word_1_230' title='bbox 1035 3410 1086 3465; x_wconf 91' lang='lat' dir='ltr'><strong>est.</strong></span> 
     </span>
     <span class='ocr_line' id='line_1_36' title="bbox 183 3490 1034 3575; baseline 0.004 -24"><span class='ocrx_word' id='word_1_231' title='bbox 183 3491 217 3552; x_wconf 87' lang='lat' dir='ltr'><strong>Di</strong></span> <span class='ocrx_word' id='word_1_232' title='bbox 241 3493 294 3553; x_wconf 88' lang='lat' dir='ltr'><strong>tibi</strong></span> <span class='ocrx_word' id='word_1_233' title='bbox 318 3512 349 3555; x_wconf 93' lang='lat' dir='ltr'><strong>se</strong></span> <span class='ocrx_word' id='word_1_234' title='bbox 374 3495 504 3556; x_wconf 86' lang='lat' dir='ltr'><strong>tribuant</strong></span> <span class='ocrx_word' id='word_1_235' title='bbox 528 3513 595 3557; x_wconf 88' lang='lat' dir='ltr'><strong>cum</strong></span> <span class='ocrx_word' id='word_1_236' title='bbox 619 3490 743 3557; x_wconf 88' lang='lat' dir='ltr'><strong>Caesare</strong></span> <span class='ocrx_word' id='word_1_237' title='bbox 767 3514 884 3575; x_wconf 91' lang='lat' dir='ltr'><strong>semper</strong></span> <span class='ocrx_word' id='word_1_238' title='bbox 908 3497 1034 3557; x_wconf 85' lang='lat' dir='ltr'><strong>amicos:</strong></span> 
     </span>
    </p>
   </div>
   <div class='ocr_carea' id='block_1_5' title="bbox 0 0 1198 3892">
    <p class='ocr_par' dir='ltr' id='par_1_12' title="bbox 0 0 1198 3892">
     <span class='ocr_line' id='line_1_37' title="bbox 0 0 1198 3892; baseline 0 0"><span class='ocrx_word' id='word_1_239' title='bbox 0 0 1198 3892; x_wconf 95' lang='lat' dir='ltr'><strong> </strong></span> 
     </span>
    </p>
   </div>
  </div>
 </body>
</html>
