2386 3892
328 204 330 209 -
409 176 662 229 1.xa-11.1aa.
780 144 783 149 ’
889 200 894 209 -
976 171 1040 239 143

331 365 469 449 LIBER
497 363 748 451 SECUNDUS.
996 394 1039 449 tut

520 547 547 620 Ι.

125 691 187 754 llue
211 707 329 770 quoque
353 688 489 750 Caesarei
511 692 647 768 pervenit
669 689 745 751 iama
767 687 928 772 triumphi,

166 778 316 857 Languida
340 794 399 857 que
423 777 494 838 sessi
516 779 565 837 vix
587 779 668 840 veuit
690 795 762 840 aura
783 780 863 840 neti.

124 867 170 930 Nil
192 868 257 928 lere
280 865 366 929 dulce
390 864 461 926 mihi
485 863 621 944 Scythica
645 867 766 945 regione
787 867 906 947 putavi:
998 876 1003 883 '

165 954 227 1016 lam
249 956 348 1015 minus
371 953 420 1014 hie
445 951 513 1014 odie
537 962 604 1035 est,
632 971 719 1034 quam
743 954 799 1017 tuit
821 962 889 1016 anta
901 1000 911 1037 ,
938 952 1038 1018 loeus.

101 1042 258 1105 alaudem
280 1041 390 1121 aliquid
412 1039 496 1121 pulsa
520 1059 659 1104 curarum
681 1040 761 1104 nube
784 1060 924 1105 serenum

166 1130 253 1212 Vidi,
277 1131 412 1192 fortunae
435 1128 525 1190 verba
548 1129 675 1210 dedique
697 1147 797 1193 meae.

123 1216 202 1282 Nalit
224 1226 258 1280 ut
280 1218 338 1280 ulla
362 1217 434 1278 mihi
457 1219 629 1297 contingere
652 1217 757 1297 gaudia
781 1216 905 1300 Caesar,

166 1304 246 1368 Velle
270 1313 369 1385 petest
392 1305 485 1367 eulvis
509 1305 581 1368 haee
604 1312 702 1367 tamen
724 1323 784 1366 una
806 1305 887 1368 dari.

122 1394 157 1458 lli
180 1412 323 1476 queque,
346 1400 380 1454 ut
402 1411 419 1454 a
442 1395 558 1455 eunetis
580 1392 668 1455 hilari
689 1395 799 1473 pietate
822 1393 974 1475 colantur,

81 1496 110 1545 10
167 1483 330 1544 Tristitiam
353 1483 424 1561 pani
446 1499 500 1561 per
523 1499 577 1544 sua
599 1481 674 1543 festa
697 1481 817 1543 iubent.

122 1569 278 1651 Denique,
302 1569 381 1649 qued
404 1578 505 1631 eertus
528 1569 612 1631 iurer
634 1577 681 1631 est
702 1569 813 1631 audere
835 1569 940 1653 fateri,

166 1658 228 1720 Hae
252 1675 306 1737 ego
329 1657 461 1739 laetitia,
484 1659 510 1718 si
532 1665 612 1720 vetet
633 1659 719 1739 ipsa,
742 1657 839 1720 fruar.

122 1746 254 1827 luppiter
278 1744 400 1808 utilibus
424 1747 561 1825 quotiens
583 1747 664 1807 iurat
685 1744 831 1808 imbribus
853 1764 957 1830 agras,

166 1834 256 1896 Mixta
279 1841 366 1895 tenax
390 1835 484 1911 segeti
506 1850 643 1896 creseere
666 1833 751 1914 lappa
774 1834 865 1896 solet.

79 1935 108 1984 15
121 1921 182 1984 Nos
206 1938 324 2002 queque
348 1921 524 2000 frugiferum
547 1924 691 1984 sentimus
714 1922 827 1984 inutilis
849 1921 942 1984 herba

167 2009 307 2090 Numen,
330 2017 360 2071 et
381 2010 472 2070 iuvita
495 2026 583 2090 saepe
606 2012 740 2085 iuvamur
762 2027 836 2090 ope.

125 2098 236 2160 Gaudia
259 2096 418 2160 Caesareae
441 2100 549 2160 mentis
571 2115 626 2179 pra
649 2106 733 2178 parte
755 2096 833 2160 virili

168 2186 246 2248 Sunt
268 2202 354 2247 mea:
385 2186 492 2266 privati
514 2185 555 2249 nil
578 2185 667 2247 habet
689 2184 738 2247 illa
760 2185 884 2247 demus.

125 2273 245 2354 Gratia,
269 2273 367 2354 fama,
389 2271 460 2334 tibi!
483 2291 538 2353 per
561 2290 649 2353 quam
672 2281 804 2352 spectata
825 2271 968 2354 triumphi

77 2373 110 2425 20
168 2361 286 2423 lnelusa
310 2360 415 2422 mediis
438 2369 483 2422 est
505 2360 578 2421 mihi
599 2376 706 2440 pompa
729 2359 828 2423 Getis.

123 2449 223 2513 ludiee
247 2458 277 2512 te
301 2448 412 2529 didici,
435 2466 530 2527 nuper
553 2445 674 2509 visenda
697 2449 792 2508 coisse
996 2460 1039 2513 (aa)

168 2537 342 2599 innumeras
365 2545 468 2616 gentes
490 2535 527 2597 ad
550 2535 635 2598 ducis
658 2551 710 2596 era
733 2534 797 2596 sui:

125 2625 266 2705 Quaeque
289 2628 368 2704 eapit
390 2626 480 2686 vastis
501 2626 671 2686 inmensum
693 2621 848 2684 moenibus
870 2620 991 2705 arbem,

168 2710 312 2794 Hospitiis
335 2713 457 2774 Romana
479 2714 526 2774 vix
549 2711 688 2774 habuisse
710 2710 828 2773 laeum.

77 2813 110 2863 aa
124 2801 169 2864 Tu
192 2801 266 2863 mihi
288 2803 437 2881 narrasti,
460 2818 527 2862 eram
551 2799 651 2862 multis
673 2797 791 2862 lucibus
813 2806 881 2863 aate

168 2889 293 2952 Fuderit
315 2889 448 2950 assiduas
471 2887 591 2950 nubilus
614 2896 715 2951 auster
737 2905 846 2969 aquas,

123 2977 252 3041 Numine
275 2977 395 3039 eaelesti
418 2975 511 3037 selem
534 2975 653 3038 fulsisse
676 2994 833 3058 serenum,

169 3065 244 3128 Cum
267 3065 368 3145 pepuli
390 3064 472 3126 vultu
496 3067 690 3127 conveniente
712 3064 777 3127 (lie.

125 3154 221 3233 Atque
244 3155 286 3215 ita
308 3154 449 3215 viatorem
474 3170 542 3215 euna
565 3170 686 3232 magnae
709 3153 790 3213 roais
811 3149 925 3210 honore

76 3253 109 3302 30
167 3240 277 3303 Bellica
299 3240 424 3304 laudatis
447 3240 522 3303 dana
546 3240 662 3302 dedisse
684 3241 775 3320 viris,

126 3328 270 3409 Claraque
294 3338 482 3409 sumpturum
505 3331 599 3408 pietas
622 3327 749 3404 insignia
771 3329 868 3384 restes

168 3417 250 3479 'lurra
272 3419 356 3498 prius
379 3418 489 3479 sanetls
511 3416 679 3496 inposuisse
702 3413 794 3493 iacis,

124 3506 330 3586 Iustitiamque
353 3507 400 3567 sui
423 3511 503 3567 easte
525 3502 657 3582 placasse
680 3500 812 3580 parentis
