2386 3892
396 203 445 255 111.
464 215 512 255 ΧΠ
526 207 653 257 36-ΧΝ
668 209 711 258 21.

134 366 271 446 Mioaque
296 364 431 427 sollemni
452 368 529 428 turis
552 369 584 428 in
607 369 675 446 igne
698 375 801 450 sonet,

136 455 269 533 Libaque
293 453 361 514 dem
382 456 503 533 proprie
527 454 653 534 genitale
676 459 807 517 notantia
829 464 947 538 tempus
959 505 968 540 ,

136 543 368 621 Conoipiamque
392 541 484 603 bonas
508 560 560 603 ore
583 545 698 604 favente
722 541 855 623 preces?

136 632 201 692 Non
225 633 266 691 ita
291 647 356 690 sum
380 632 517 710 positus,
540 648 595 692 neo
619 640 689 691 sunt
711 649 746 692 ea
768 640 902 713 tempora
924 633 1029 717 nobis,

87 731 121 779 20
139 719 273 780 Adventu
295 720 407 797 possim
430 717 526 779 laetus
549 727 583 779 nt
606 735 671 779 esse
695 726 764 780 tuo.

138 807 265 868 Funeris
288 823 339 866 ara
362 805 457 887 mihi,
480 806 564 866 ferali
587 809 684 867 cincta
706 825 870 890 cupressu,

138 895 282 956 Convenit
304 900 336 954 et
358 896 481 955 structis
504 894 619 955 flamma
642 903 744 973 parata
767 898 863 975 rogis.

137 983 198 1043 Nee
221 981 293 1042 dare
315 988 383 1042 tura
405 981 478 1043 libet
500 982 542 1043 nii
565 985 716 1044 exorantia
740 983 841 1066 divos,

137 1071 170 1131 ln
193 1072 284 1130 tantis
308 1069 438 1130 subeunt
460 1087 515 1130 neo
537 1069 615 1131 bona
637 1071 727 1132 verba
751 1071 854 1133 malis.

87 1171 122 1219 25
139 1157 170 1218 Si
193 1165 293 1218 tamen
316 1165 362 1218 est
385 1157 495 1236 aliquid
518 1158 605 1219 nobis
627 1159 682 1219 hae
705 1160 772 1220 luce
794 1161 973 1242 petendum,

139 1245 171 1306 ln
194 1244 258 1306 loca
282 1262 319 1305 ne
343 1244 447 1306 redeas
469 1245 595 1325 emplius
618 1249 696 1328 ista,
718 1265 843 1328 precor,

138 1333 212 1394 Dum
235 1351 283 1393 me
307 1340 455 1394 terrarum
477 1351 546 1412 pars
568 1351 662 1413 paene
685 1336 844 1396 novissima
856 1381 865 1416 ,
888 1334 1018 1417 Pontus,

138 1420 272 1483 Euxinus
296 1420 370 1482 ialso
392 1422 512 1482 nomine
535 1421 655 1503 dictus,
678 1420 784 1484 habet.

510 1613 602 1690 XIV.

140 1771 243 1834 Cultor
267 1780 298 1834 et
320 1774 444 1834 antistes
468 1773 622 1835 doctorum
645 1781 746 1836 saneto
769 1775 918 1854 virorum,

141 1860 217 1932 Quid
241 1862 336 1943 iacis,
360 1863 479 1940 ingenio
502 1879 621 1940 semper
643 1864 736 1923 amine
759 1860 853 1923 meo‘?

140 1947 277 2029 Ecquid,
299 1958 334 2010 ut
355 1948 532 2028 ineolumem
557 1950 705 2029 quondam
729 1949 879 2011 celebrare
903 1947 1037 2030 solebas,

139 2036 236 2097 Nune·
249 2055 390 2117 quoque,
413 2055 451 2097 ne
473 2037 574 2098 videar
598 2046 678 2099 totus
702 2037 828 2118 abesse,
851 2033 963 2098 naves?

109 2124 275 2204 osuspiois
297 2127 429 2202 exeeptis
452 2126 559 2205 ecquid
582 2144 647 2187 mea
671 2127 801 2188 earmina
824 2125 895 2186 solis

140 2212 284 2292 Artibus,
307 2213 414 2273 artifici
437 2231 511 2292 quae
535 2232 664 2275 nocuere
688 2209 769 2275 suo?

142 2300 234 2362 immo
256 2303 299 2362 ita
321 2301 389 2381 iae,
413 2292 544 2381 quaeso',
567 2309 668 2362 vatum
690 2300 823 2378 studiose
846 2318 1007 2381 novorum,

141 2386 264 2467 Quaque
287 2395 390 2469 potes,
413 2393 508 2450 retine
532 2405 641 2467 corpus
663 2390 694 2448 in
718 2387 797 2448 Urbe
821 2406 937 2449 meum.

141 2475 195 2538 Est
217 2478 287 2556 iuga
309 2477 388 2538 diota
410 2477 504 2558 mihi,
527 2493 585 2536 non
609 2481 656 2536 est
677 2475 747 2553 iuga
770 2475 849 2536 diota
871 2473 995 2555 libellis,

94 2575 127 2624 10
142 2563 199 2634 Qui
223 2565 334 2625 domini
356 2582 482 2645 poenam
505 2581 565 2624 non
588 2580 726 2624 meruere
749 2563 813 2622 sni.

142 2651 236 2731 Saepe
260 2669 314 2732 per
336 2661 483 2713 extremas
506 2653 650 2732 profugus
672 2657 757 2731 pater
780 2648 879 2711 exulat
901 2667 986 2732 oras,

141 2739 220 2801 Urbe
244 2747 344 2800 tamen
366 2743 444 2801 natis
467 2740 561 2801 exulis
584 2759 650 2801 esse
673 2739 760 2800 lieet.

140 2827 268 2889 Palladis
291 2827 424 2908 exemplo
448 2828 485 2889 de
507 2846 554 2888 me
578 2831 642 2890 sine
665 2834 759 2889 matre
782 2837 881 2890 ereata

142 2914 279 2977 Carmina
302 2922 393 2977 sunt:
430 2918 521 2996 stirps
544 2916 616 2978 haee
639 2918 857 2996 progeniesque
880 2934 945 2976 mea
968 2922 1030 2976 est.

95 3015 127 3063 15
142 3003 224 3064 Hanc
239 3003 295 3065 tibi
308 3004 495 3084 commendo,
510 3022 585 3082 quae
600 3023 658 3083 qno
673 3007 765 3084 magis
779 3004 852 3065 orba
865 3010 988 3083 parente
1004 3011 1062 3083 est,

142 3091 205 3152 Hoe
228 3090 285 3152 tibi
306 3093 400 3152 tutori
422 3094 537 3152 sarcina
560 3095 653 3153 maior
676 3095 750 3153 erit.

142 3178 218 3239 Tres
241 3179 314 3239 mihi
337 3186 408 3240 sunt
430 3182 491 3240 nati
514 3183 647 3259 contagia
670 3187 772 3240 nostra
795 3181 908 3239 secuti:

142 3265 248 3327 Cetera
272 3267 317 3327 iao
341 3285 430 3328 curae
453 3269 493 3328 sit
514 3268 570 3329 tibi
592 3266 679 3328 turba
701 3267 814 3344 palam.

144 3352 220 3414 Sunt
240 3372 359 3434 quoque
374 3362 520 3435 multatae,
538 3362 585 3415 ter
600 3356 731 3433 quinque
749 3351 915 3431 volumina,
934 3350 1062 3432 iormae,

93 3453 128 3502 20
144 3440 282 3503 Carmina
305 3441 341 3503 de
365 3442 476 3504 domini
499 3442 603 3503 funere
626 3447 710 3518 rapta
733 3441 797 3500 sui.

143 3528 218 3591 liiud
243 3547 318 3610 opus
341 3533 438 3611 potuit
450 3575 460 3611 ,
483 3532 592 3591 sinon
614 3530 698 3609 prius
721 3529 785 3607 ipse
807 3528 969 3607 perissem,

217 3722 282 3856 ,
