2386 3892
984 181 1100 236 xxxin

90 368 181 410 55555
199 348 364 408 intervallo
383 365 510 422 versum,
528 346 579 421 qni
597 350 644 406 est
662 346 749 407 huius
767 347 837 406 libri
851 350 924 423 391,
942 351 1099 423 repeteret.

91 438 115 496 si
145 437 184 495 de
222 435 372 511 scriptura
407 434 488 494 illius
522 434 580 493 loci
611 438 691 494 reete
722 435 928 511 indicaverim,
960 436 990 493 id
1022 436 1101 513 quod

93 528 209 584 5554555
227 543 290 583 555
307 523 411 596 habeo,
434 523 633 598 interpolator
650 540 721 581 usus
740 523 832 583 fuerit
849 525 1018 599 corruptela
1036 543 1099 583 sae-

93 613 148 672 culi
167 612 300 689 septimi,
323 610 432 670 cumU
451 608 517 670 ete
536 608 664 668 rotunda
683 611 792 686 scripta
806 617 883 686 sunt,
902 616 936 671 ut
950 613 981 670 in
994 612 1100 688 fragm.

93 700 188 760 Guelf.
251 701 392 759 Pallantii
428 717 464 757 ex
495 698 602 773 oppido
634 698 782 758 Pallantio
815 699 903 759 ducta
938 700 1100 775 appellatio

94 789 147 848 etsi
165 787 323 862 inusitata,
342 786 503 846 secundum
521 785 701 846 Pausaniam
714 786 789 844 VIII
803 790 844 847 41
864 788 1001 847 fortassis
1020 790 1101 847 recte

93 878 194 936 habet:
220 875 274 934 sed
293 873 363 934 Caci
384 874 495 934 mentio
514 892 618 933 versus
641 875 790 949 sequentis
808 875 979 934 introducta
997 878 1043 935 est
1062 876 1100 933 ab

95 984 135 1039 55,
159 963 213 1040 qui
227 966 291 1022 ‘aut
313 981 373 1022 non
395 962 580 1022 meminisset
603 962 740 1021 Herculis
764 962 903 1038 Victoris,
926 967 980 1022 aut
1002 964 1101 1025 mirus

94 1052 282 1128 perspicuam
314 1069 381 1110 eam
411 1049 687 1126 interpretationem
720 1053 850 1126 putaret.
903 1051 991 1110 huius
1020 1051 1101 1110 modi

94 1140 300 1199 additamenta
331 1141 433 1198 extant
465 1139 480 1197 I
513 1139 575 1198 395
610 1140 671 1198 396
704 1139 864 1198 secundum
895 1139 1101 1216 Schraderum,

94 1232 216 1305 propter
239 1226 436 1302 supplendum
459 1226 497 1284 ad
519 1245 546 1285 5.
566 1228 629 1285 397
653 1226 777 1286 verbam
801 1245 836 1284 ex
856 1229 933 1303 3993
956 1227 1100 1304 1114113

95 1316 155 1374 ΠΠ
180 1319 238 1391 113
262 1313 306 1372 VI
332 1317 403 1389 739,
427 1315 500 1374 806.

182 1404 259 1462 Pars
282 1406 388 1462 octava
408 1402 586 1479 paginarum
608 1402 737 1476 quinque
760 1401 939 1459 examussim
966 1402 1101 1462 concinit.

95 1511 169 1568 quae
192 1492 264 1568 post
285 1489 330 1549 VI
349 1492 411 1550 434
435 1493 559 1565 restant,
581 1492 615 1548 ut
637 1489 669 1548 in
691 1487 784 1564 Ibide,
806 1488 980 1566 paginarum
1006 1489 1101 1549 deter-

94 1579 289 1639 minationem
316 1596 376 1637 555
402 1577 571 1638 admittunt.
626 1597 673 1638 55.
699 1579 760 1636 739
791 1579 854 1637 740
882 1579 920 1637 ab
948 1578 1012 1638 805
1036 1580 1100 1639 806

94 1669 187 1727 trium
210 1666 390 1743 paginarum
407 1667 542 1743 legitimo
562 1665 657 1741 spatio
677 1664 797 1740 distant,
821 1665 873 1724 sed
891 1665 940 1726 rix
954 1666 1102 1726 distichon

93 1756 188 1832 prius,
206 1774 226 1814 a
244 1754 407 1814 Schradero
426 1773 543 1831 quoque
562 1754 742 1826 damnatum,
760 1753 898 1813 lacunam
917 1755 1101 1830 supplevisse

94 1838 227 1904 ridetur:¹
255 1843 396 1918 alterum,
420 1843 482 1903 805
508 1844 587 1916 806,
610 1842 766 1901 confictum
789 1845 848 1915 est,
875 1845 910 1900 ut
932 1844 1042 1914 formo,
1065 1843 1101 1902 de

94 1950 155 2008 qua
178 1951 205 1990 5.
230 1931 304 2006 807,
324 1929 525 1990 antecesserit.
579 1929 726 1989 distichon
749 1932 810 1990 751
838 1932 898 1988 752
920 1929 1101 1989 Schraderns

95 2019 232 2096 spurium
254 2018 372 2078 habuit:
395 2017 432 2077 de
456 2018 519 2078 557
544 2018 607 2078 558
631 2017 814 2077 dubitabam.

185 2105 352 2166 Emendavi
369 2106 525 2165 inseetis:
549 2100 643 2166 1143
661 2117 773 2165 raons
786 2117 953 2166 nocurus.
1001 2125 1102 2180 pauca

94 2195 174 2256 libri.
229 2195 309 2270 quod
331 2213 358 2254 5.
384 2196 446 2253 146
468 2192 501 2252 in
523 2192 608 2252 libris
626 2193 842 2271 antiquioribus
861 2197 980 2268 praeter
1002 2193 1100 2254 Ursin.

96 2287 127 2344 et
159 2282 256 2342 Vatia.
288 2281 404 2341 Heinsii
436 2285 495 2356 est,
521 2286 627 2355 poetas
661 2286 735 2355 5551,
766 2285 838 2356 puto
871 2300 907 2338 ex
938 2281 994 2340 hoc
1025 2282 1101 2340 inre-

95 2372 205 2447 psisse;
245 2370 321 2429 talia
359 2368 577 2445 interpretandi
612 2386 702 2427 causa
737 2368 971 2443 reciprocantur,
1018 2368 1102 2428 velut

96 2459 160 2518 1111
185 2459 347 2519 135136.
394 2462 486 2532 poeto
508 2459 589 2531 sunt,
622 2455 658 2515 de
681 2454 788 2531 quibus
810 2459 1002 2529 convenerat,
1030 2455 1101 2515 Met.

96 2546 159 2606 IIII
183 2548 247 2606 116
271 2543 363 2603 VllII
388 2549 460 2620 722,
482 2548 517 2605 ut
539 2546 684 2618 quaesitos
706 2544 791 2616 furor
812 2540 877 2600 IIII
892 2544 964 2616 246,
987 2541 1024 2600 de
1042 2561 1101 2619 quo

97 2633 266 2712 quaesitum
287 2633 395 2693 fuerat
440 2637 627 2707 conuenerat,
649 2632 808 2707 postquam
829 2631 919 2703 poeta
936 2631 1050 2707 gratias
1069 2635 1101 2692 et

96 2724 192 2799 plura,
215 2721 265 2781 vel
287 2721 416 2797 plurima
438 2720 671 2797 perquisiturum
695 2737 727 2779 55
749 2717 946 2778 denunciavit.

98 2806 161 2870 245
176 2820 310 2870 vonsos
328 2821 430 2882 5555.
464 2841 466 2845 ⁴
486 2809 517 2867 in
535 2808 683 2885 scripture
706 2799 810 2868 557555
827 2824 910 2881 quem
928 2807 1044 2884 codicis,
1067 2812 1104 2869 ut

54 2956 56 2961 ,
97 2899 211 2974 accepi,
240 2914 315 2957 saec.
342 2910 393 2957 ΧΗ
414 2895 489 2956 nihil
512 2896 596 2971 pensi
618 2896 713 2956 habeo
736 2899 856 2971 praeter
879 2895 1011 2956 ordinem
1034 2915 1099 2955 uer-

97 2987 211 3047 borum.
265 2987 361 3046 557555
393 2987 424 3044 et
454 2984 553 3057 nouus
583 2984 615 3043 in
645 2984 817 3044 litteratura
846 2984 936 3043 Plinii
963 2984 1101 3042 Moneani

60 3140 64 3147 ,
97 3075 143 3133 rix
170 3072 282 3132 differt.
335 3073 432 3133 solum
459 3072 593 3147 vellitur,
625 3071 703 3148 quod
725 3072 848 3131 arbusta
870 3090 930 3131 non
957 3071 1026 3129 altis
1053 3088 1101 3129 ra·

97 3163 211 3223 dicibus
229 3161 329 3236 habet,
352 3161 435 3221 velut
453 3163 597 3236 perpetuo
611 3158 761 3237 Vergilius
780 3159 877 3218 utitur
895 3159 968 3216 Aen.
986 3157 1034 3215 ΠΙ
1050 3159 1101 3234 24,

97 3252 144 3325 28,
165 3253 218 3311 31.
267 3250 380 3324 plenos
401 3253 495 3308 555555
517 3247 576 3307 fuit
590 3246 688 3307 Ovidii
706 3266 791 3321 aevo,
809 3245 856 3304 uti
874 3245 1021 3304 Martialis
1039 3246 1102 3306 IIII

95 3349 194 3399 amn
219 3339 250 3398 5.
303 3335 383 3412 quod
404 3356 431 3396 5.
452 3338 514 3396 243
539 3335 687 3395 antecedit
710 3334 746 3391 de
768 3333 911 3394 incaedua
932 3333 1019 3409 55755,
1042 3335 1101 3395 nisi

93 3427 203 3503 opponi
226 3425 274 3484 his
296 3425 503 3501 intellegatur,
525 3424 613 3482 facile
632 3420 780 3483 offendere
803 3421 915 3497 potest,
938 3439 1026 3497 quern
1049 3422 1100 3481 ad-

48 3518 52 3527 '
91 3517 216 3575 modum
235 3513 273 3571 de
297 3511 524 3589 transponendis
544 3510 678 3571 distichis
698 3506 876 3568 sententiam
894 3510 988 3569 latam
1006 3508 1101 3569 video.

48 3584 54 3664 ,ἱ
143 3622 228 3664 ovln.
247 3620 293 3661 ΙΙΙ.
874 3623 890 3660 e
