2386 3892
108 183 174 250 254
491 185 708 306 ⁸’russonum

241 350 347 410 Sectus
369 348 492 410 humum
514 350 578 411 rivo
601 348 668 410 lene
691 349 822 410 sonantis
845 366 955 428 aquae.

131 449 181 500 777
196 437 258 499 lllic
281 436 459 516 Tarquinius
483 437 617 498 mandata
640 437 760 497 latentia
781 438 842 496 nati

242 526 377 603 Accipit,
401 533 432 585 et
454 527 535 604 virga
557 525 617 585 lilia
639 541 753 585 summa
776 525 876 586 metit.

196 612 324 673 Nuntius
347 620 381 673 ut
403 612 513 691 rediit,
535 611 718 689 decussaque
741 611 799 671 lilia
823 611 912 693 dixit,

239 700 331 761 Filius
355 694 499 778 ‘agnosco
521 701 601 760 iussa
624 693 772 778 parentis'
796 700 854 760 ait.

195 788 256 848 Neo
279 805 361 848 mora
374 834 383 867 ,
406 786 590 866 principibus
613 789 706 847 caesis
729 804 765 847 ex
788 785 863 848 urbe
886 785 1016 870 Gabina,

131 887 182 937 717
240 874 411 936 Traduntur
434 875 558 936 ducibus
581 876 696 935 moenia
720 872 798 934 nuda
821 876 900 936 suis.

196 962 295 1042 Ecce,
318 965 401 1023 nefas
424 965 511 1041 visu,
534 962 639 1022 mediis
662 961 802 1023 altaribus
825 965 929 1040 anguis

239 1049 329 1129 Exit,
354 1058 383 1110 et
406 1051 543 1110 extinctis
566 1049 683 1128 ignibus
707 1058 773 1110 enta
796 1052 889 1128 rapit.

196 1137 366 1198 consulitur
390 1136 548 1198 Phoebus.
590 1154 655 1196 sors
678 1145 724 1197 est
745 1139 786 1198 ita
808 1137 923 1199 reddita
935 1185 945 1218 ,
969 1134 1072 1202 ‘matri

240 1224 297 1295 Qui
320 1225 435 1286 dederit
457 1226 596 1304 princeps
619 1224 741 1305 oscula,
763 1226 857 1286 victor
880 1227 938 1287 erit
947 1220 967 1286 .’

130 1323 180 1374 717
196 1311 302 1374 Oscula
326 1315 451 1392 quisque
474 1331 544 1374 suae
568 1315 654 1373 matri
676 1322 832 1392 properata
856 1312 1006 1393 tulerunt,

238 1399 304 1461 Non
326 1400 475 1461 intellecto
499 1399 618 1462 credula
641 1400 727 1461 turba
751 1400 824 1461 deo.

194 1487 305 1549 Brutus
328 1498 392 1550 erat
414 1488 497 1549 stulti
520 1489 636 1567 sapiens
658 1489 789 1549 imitator
801 1534 810 1567 ,
833 1495 867 1550 ut
888 1498 969 1550 esset

239 1575 334 1637 Tutus
358 1575 394 1635 ab
417 1576 554 1655 insidiis,
577 1576 639 1636 dire
664 1573 821 1654 Superbe,
843 1577 921 1637 tuis.

194 1661 245 1722 llle
268 1665 368 1723 iacens
390 1681 502 1742 pronus
525 1665 612 1724 matri
635 1662 717 1723 dedit
739 1663 839 1724 oscula
861 1662 988 1743 Terrae,

130 1760 180 1811 720
237 1749 374 1810 Creditus
397 1751 509 1810 ollenso
533 1748 727 1829 procubuisse
749 1751 841 1830 pede.

195 1835 329 1915 Cingitur
351 1839 463 1897 interea
486 1835 625 1897 Romanis
648 1837 743 1899 Ardea
766 1839 875 1917 signis,

239 1922 278 1985 Et
299 1926 410 2002 patitur
432 1923 526 1985 lentas
549 1924 702 1986 obsidione
725 1943 838 1987 moras.

193 2010 270 2071 Dum
292 2019 375 2072 vacat
387 2058 396 2091 ,
419 2019 450 2073 et
471 2019 609 2073 metuunt
630 2012 731 2074 hostes
753 2014 938 2075 committere
960 2030 1104 2095 pugnam,

239 2097 363 2160 luditur
386 2103 417 2160 in
441 2101 545 2160 castris
558 2146 568 2178 ,
590 2101 650 2161 otia
673 2101 756 2161 miles
779 2103 855 2180 agit.

129 2195 180 2246 ⁷25
194 2185 373 2264 Tarquinius
395 2188 510 2248 iuvenis
533 2189 629 2248 socios
652 2187 835 2268 dapibusque
858 2205 1000 2268 meroque

238 2275 372 2354 Accipit.
413 2293 449 2335 ex
473 2274 531 2336 illis
554 2293 623 2355 rege
647 2285 764 2337 creatus
787 2278 845 2337 ait:

195 2357 285 2423 ‘llum
308 2380 363 2423 nos
386 2362 514 2424 difficilis
536 2365 620 2442 pigro
644 2370 726 2425 tenet
748 2363 844 2425 Ardua
866 2361 966 2442 bello,

236 2450 298 2512 Nec
321 2452 392 2512 sinit
414 2450 449 2512 ad
472 2453 584 2531 patrios
606 2467 686 2512 arma
708 2451 823 2512 reierre
845 2449 934 2530 deos,

194 2536 307 2618 Ecquid
330 2541 361 2600 in
384 2539 480 2600 officio
504 2547 588 2599 torus
611 2545 657 2598 est
679 2534 825 2600 socialis?
858 2547 889 2600 et
910 2536 1016 2618 ecquid

128 2636 178 2687 737
237 2625 418 2706 Coniugibus
441 2627 551 2688 uostris
574 2632 676 2687 mentua
699 2644 770 2687 cura
794 2621 938 2688 sumus?'

193 2712 325 2791 Quisque
348 2732 432 2775 suam
454 2714 574 2776 laudat.
616 2714 722 2776 studiis
744 2716 905 2777 certamine
927 2720 1081 2791 crescunt,

237 2800 275 2860 Et
297 2801 412 2861 lervent
435 2802 526 2863 mtrlto
549 2801 708 2881 linguaque
730 2820 841 2881 corque
863 2818 964 2864 mero.

193 2886 316 2967 Surgit,
340 2890 389 2948 cui
410 2887 532 2950 dederat
555 2889 667 2950 clarum
689 2888 808 2951 Collatia
832 2906 958 2951 nomen:

238 2972 317 3036 ‘Non
341 2993 416 3054 opus
439 2983 485 3037 est
508 2974 627 3056 verbis,
650 2977 762 3040 credite
784 2975 875 3038 rebus
889 2971 912 3038 l’
936 2976 994 3038 ait.

128 3075 179 3124 735
194 3059 272 3125 ‘Nox
297 3072 454 3144 superest.
495 3062 632 3125 tollamur
655 3066 740 3145 equis
753 3113 762 3145 ‚
786 3063 955 3144 Urbemque

736 3147 903 3232 petamusl’

236 3239 318 3300 Dicta
341 3239 478 3318 placent,
501 3239 594 3300 irenis
616 3240 808 3319 inpediuntur
830 3241 917 3318 equi.

192 3325 379 3388 Pertulerant
401 3328 557 3389 dominos.
598 3328 706 3407 regalia
728 3330 864 3407 protinus
887 3325 929 3387 illi

236 3412 325 3475 Tecta
347 3424 474 3493 petunt:
506 3423 607 3476 custos
629 3417 660 3476 in
683 3415 747 3476 lore
769 3414 868 3476 nullus
891 3420 972 3476 erate

191 3498 268 3561 Ecce
292 3519 386 3561 nurrus
409 3504 487 3582 regis
511 3502 584 3564 lusis
607 3501 757 3582 porcella
780 3504 897 3564 coronis
