2386 3892
247 749 470 834 cursuum
497 749 635 833 LIBER
663 747 850 833 PRIMUS.

535 940 563 1011 I.

134 1081 250 1161 Parve,
273 1097 329 1140 nec
348 1081 488 1161 invideo,
512 1082 576 1141 sine
594 1099 663 1162 me,
685 1079 782 1160 liber,
806 1079 862 1141 ibis
881 1081 912 1141 in
926 1078 1055 1141 Urbem.

134 1169 170 1229 Ei
194 1168 289 1249 mihi,
313 1169 392 1247 quod
416 1169 533 1229 domino
559 1186 618 1228 non
642 1169 712 1228 licet
734 1170 778 1227 ire
801 1165 874 1228 tuol

135 1256 239 1336 Vade,
264 1256 316 1316 sed
339 1257 492 1337 incultus,
516 1256 633 1335 qualem
657 1256 742 1315 decet
766 1254 860 1315 eurulis
884 1272 966 1314 esse:

135 1344 241 1405 Infelix
264 1343 397 1404 habitum
420 1347 564 1423 temporis
587 1344 677 1404 lucius
700 1341 793 1402 habe.

104 1433 197 1493 5Nec
220 1441 250 1493 te
273 1450 425 1512 purpureo
449 1432 548 1492 velent
570 1433 700 1492 vaccinia
724 1431 791 1490 lueo
812 1463 849 1474 -

135 1520 201 1580 Non
226 1527 271 1580 est
294 1522 473 1580 conveniens
495 1519 625 1580 luctibus
648 1519 696 1579 ille
721 1518 802 1578 color
821 1552 862 1561 —

134 1608 198 1668 Neo
221 1608 326 1668 titulus
348 1610 439 1668 minio
452 1655 462 1688 ,
485 1625 540 1667 nec
564 1607 652 1667 cedro
677 1607 778 1667 charta
800 1613 941 1688 notetur,

137 1695 267 1756 Candida
290 1713 346 1755 neo
370 1698 453 1774 nigra
477 1712 588 1755 cornua
612 1696 709 1755 lronte
733 1713 835 1773 geras.

137 1783 251 1844 Felices
276 1791 382 1843 ornent
405 1783 477 1843 haec
501 1785 698 1843 instrumenta
722 1782 855 1843 libellos:

90 1886 122 1933 10
139 1872 287 1936 Fortunae
312 1889 474 1930 memorem
496 1878 526 1930 te
550 1871 636 1930 decet
659 1888 724 1930 esse
748 1888 848 1930 meae.

137 1960 199 2020 Nec
222 1958 318 2038 l'ragili
341 1960 474 2037 geminae
498 1957 647 2037 poliantur
670 1959 788 2037 pumice
812 1958 946 2031 frontes,

137 2047 279 2108 llirsutus
304 2048 414 2124 sparsis
438 2054 472 2106 ut
495 2045 611 2106 videare
636 2049 745 2106 comis.

136 2135 217 2195 Neve
240 2135 397 2195 liturarum
419 2135 549 2213 pudeat.
583 2135 634 2212 qui
657 2133 764 2193 viderit
786 2133 869 2213 illas,

139 2223 180 2283 lle
203 2223 332 2283 lacrimis
356 2223 446 2282 lactas
470 2224 579 2282 sentiet
601 2239 667 2281 esse
690 2222 781 2281 meis.

93 2323 125 2370 15
141 2310 240 2390 Vade,
263 2309 339 2369 liber
352 2356 361 2390 ,
384 2309 542 2387 verbisque
567 2311 640 2367 meis
663 2307 726 2368 loca
749 2317 831 2386 grata
855 2307 965 2368 saluta:
995 2304 997 2307 ’

139 2398 312 2476 Contingam
338 2406 418 2457 certe
442 2415 500 2475 quo
524 2396 594 2457 licet
616 2394 665 2454 illa
688 2394 780 2472 pede.
955 2466 957 2471 Ι

143 2483 263 2563 Siquis,
287 2490 321 2542 ut
348 2484 380 2542 in
408 2481 535 2562 populo,
564 2480 658 2542 nostrl
692 2498 751 2541 non
775 2484 920 2540 inmemor
943 2479 1003 2560 illi,

143 2571 262 2649 Siquis,
289 2572 357 2650 qui,
385 2570 457 2648 quid
485 2587 584 2651 agam,
612 2570 688 2630 sorte
728 2570 861 2646 requirat
874 2613 883 2647 ,
907 2569 982 2649 erit,

138 2659 244 2720 Vivere
267 2677 314 2720 me
338 2661 441 2739 dices,
464 2658 576 2720 salvum
600 2667 697 2719 tamen
721 2674 785 2717 esse
809 2656 948 2738 negabis;

92 2759 124 2808 20
138 2748 170 2808 ld
196 2765 337 2828 quoque,
361 2748 440 2826 quod
463 2748 581 2821 vivam,
604 2763 713 2806 munus
736 2744 845 2806 habere
869 2745 934 2806 dei.

138 2837 235 2914 Atque
258 2837 298 2896 ita
323 2843 353 2896 tu
377 2837 507 2915 tacitus,
531 2836 685 2913 quaerenti
708 2833 792 2911 plura
815 2833 975 2912 legendus,

138 2924 181 2984 Ne
194 2971 204 3004 ,
227 2941 303 3002 quae
327 2940 386 2983 non
411 2940 486 3001 opus
509 2931 579 3002 est,
602 2922 679 2982 iorte
702 2921 844 3001 loquare,
869 2919 956 2980 cavel

138 3012 280 3072 Protinus
304 3010 472 3071 admonitus
496 3017 611 3088 repetet
635 3027 699 3069 mea
722 3010 846 3068 crimina
869 3007 980 3087 lector,

138 3099 177 3160 Et
199 3116 325 3179 peragar
348 3098 449 3176 populi
471 3097 608 3177 publicus
631 3115 682 3157 ore
706 3114 793 3156 reus.

93 3198 123 3248 25
138 3188 183 3247 Tu
209 3205 278 3247 cave
303 3186 443 3246 delendas
456 3232 466 3265 ,
490 3187 621 3263 quamvis
645 3183 818 3245 mordebere
842 3180 946 3240 dictis:

139 3276 234 3336 Causa
256 3275 421 3354 patrocinio
444 3291 505 3333 non
527 3272 604 3332 bona
623 3274 706 3350 peior
730 3271 803 3329 erit.

138 3363 276 3423 Invenies
300 3361 451 3440 aliquem,
475 3363 526 3440 qui
549 3378 596 3420 me
620 3359 750 3437 suspiret
772 3355 964 3438 ademptum,

137 3451 276 3511 Carmina
299 3467 355 3510 nec
422 3471 426 3496 ι
488 3448 619 3526 relegat
641 3449 698 3508 ista
720 3447 822 3527 genis,

101 3560 184 3603 ovm.
207 3560 253 3602 111.
884 3549 897 3598 1
