2386 3892
92 170 157 233 290
499 170 692 222 PASTORUM

114 346 165 396 210
222 332 286 394 lloc
310 333 433 393 Curetes
456 331 565 393 habant
577 379 586 412 ,
608 332 664 392 hoc
688 330 869 411 Corybantes
891 351 984 414 opus.

178 420 238 481 Res
262 420 346 481 latuit
368 429 504 499 patrem:
536 421 687 498 priscique
709 421 870 481 imitamina
895 422 981 502 lacti,

224 508 299 568 dara
323 507 394 569 deae
417 511 541 569 comites
563 524 712 586 raucaque
736 514 818 586 terga
841 517 976 571 movent.

180 595 316 675 Cymbala
338 614 393 674 pro
416 595 506 674 galeis
518 641 528 676 ‚
551 613 606 673 pro
629 597 722 656 scutis
744 602 882 674 tympana
904 596 1042 676 pulsant:

223 683 306 743 Tibia
330 683 379 744 dat
401 682 566 763 Phrygios,
589 690 623 743 nt
646 682 727 743 dedit
749 691 838 764 ante,
861 679 999 745 modos.'

114 784 165 833 215
180 771 335 832 Desierat.
378 774 479 849 coepi:
508 767 578 832 ‘cur
600 770 670 831 huie
692 787 787 848 genus
809 789 899 852 acre,
921 771 1024 834 leonas

225 857 372 920 Praebent
394 859 527 919 insolitas
549 857 584 918 ad
608 860 676 935 iuga
699 875 788 918 curva
810 854 937 920 iubasl'

179 947 351 1007 Desieram.
393 948 512 1026 coepit:
541 941 657 1006 ‘raritas
681 944 792 1007 mollita
812 964 868 1026 par
889 946 970 1008 illam

224 1034 383 1095 Creditur:
415 1034 445 1093 id
468 1052 561 1095 curru
583 1033 739 1093 testificata
762 1050 816 1094 suo
838 1029 920 1095 est?

181 1119 233 1182 ‘dt
256 1140 310 1182 cur
333 1121 473 1183 turrifera
496 1128 585 1200 caput
608 1127 654 1200 est
677 1129 797 1181 onerata
820 1118 955 1183 corona?

114 1223 165 1272 tto
223 1210 268 1269 An
290 1211 394 1288 primis
417 1217 517 1270 turres
540 1208 666 1270 urbibus
687 1208 736 1268 illa
759 1204 880 1269 dedit‘l'

179 1297 311 1358 Annuit.
354 1292 449 1358 ‘unde
472 1293 567 1358 venit’
591 1296 651 1357 dixi
674 1291 744 1357 ‘sua
766 1295 900 1357 membra
921 1297 1039 1359 secandi

223 1386 354 1464 impetus
368 1381 400 1446 ?'
433 1393 466 1446 ut
489 1386 589 1466 tacui,
612 1384 707 1444 Pieris
730 1402 798 1445 orsa
820 1383 920 1464 loqui:

181 1469 293 1552 ‘Phryx
316 1490 392 1552 puer
414 1475 446 1533 in
469 1472 571 1550 silvis,
594 1472 669 1532 lacie
692 1471 881 1554 spectabilis,
903 1474 980 1536 Attis

223 1560 412 1639 Turrigeram
436 1568 516 1621 casto
539 1561 633 1620 vinxit
654 1577 754 1620 amore
777 1558 880 1621 deam.

115 1661 165 1709 225
180 1649 265 1708 Hunc
289 1649 346 1708 sibi
370 1651 480 1709 servari
502 1647 595 1708 voluit
607 1695 616 1727 ‚
639 1665 692 1708 sua
715 1647 823 1726 templa
846 1650 941 1729 tueri,

224 1736 262 1795 Et
284 1735 358 1796 dixit
382 1731 527 1814 “semper
550 1737 596 1796 lac
618 1754 693 1814 puer
717 1752 782 1795 csse
805 1731 923 1797 velis.''

179 1823 230 1883 llle
253 1823 342 1882 tidem
364 1824 454 1884 iussis
477 1823 578 1904 dedit,
602 1832 633 1884 ct
655 1817 709 1884 “si
731 1818 903 1904 mentiar‚''
925 1825 1022 1904 inquit

224 1906 245 1935 ‘³
254 1910 380 1989 Ultima,
404 1928 462 1989 qua
485 1910 602 1991 fallam,
626 1913 665 1971 sit
687 1910 787 1971 Venus
809 1910 858 1971 illa
880 1908 999 1975 mibi.''

179 1998 285 2078 Fallit,
309 2006 339 2059 et
361 1999 393 2058 iu
416 1999 542 2077 nympha
566 1998 729 2076 Sagaritide
752 1999 862 2059 desinit
883 2017 949 2061 essu

115 2099 165 2148 230
225 2086 309 2157 Quod
333 2086 412 2147 luit.
451 2086 520 2146 binc
543 2104 653 2165 poenas
676 2088 767 2164 exigit
787 2089 832 2146 ira
855 2086 945 2148 deae.
1011 2155 1022 2175 ,

179 2173 271 2233 Naida
294 2172 463 2234 volneribus
486 2174 613 2235 succidit
635 2177 665 2235 in
689 2173 794 2236 arbore
817 2174 903 2236 lactis
914 2221 925 2256 ,

223 2261 274 2321 llla
296 2263 396 2341 perit3
419 2261 512 2322 fatum
534 2261 637 2323 naidos
660 2261 748 2323 arbor
771 2268 853 2323 erat:

179 2348 234 2411 llio
258 2350 331 2410 lurit
343 2395 352 2430 ,
375 2357 405 2410 et
428 2349 553 2410 credens
575 2349 694 2410 thalami
716 2348 913 2427 procumbere
938 2355 1050 2412 tactum

223 2437 355 2518 Effugit,
380 2446 409 2498 et
431 2455 523 2498 cursu
545 2436 686 2516 Dindyma
710 2454 823 2498 summa
846 2438 939 2518 petit3

115 2537 166 2585 235
181 2525 219 2584 Et
242 2527 328 2586 modo
352 2520 449 2586 “tolle
472 2526 552 2586 faces
566 2520 616 2605 l,”
640 2519 809 2585 “remove''
831 2525 920 2586 modo

727 2607 920 2675 “maharai''
942 2614 1063 2693 clamat,

227 2701 318 2779 Saepe
341 2700 494 2762 Meletinas
517 2702 595 2762 iurat
617 2701 720 2761 adesse
743 2700 830 2762 deas.

128 2830 131 2838 .
180 2786 231 2847 llle
256 2791 343 2848 otiam
366 2807 435 2849 saxo
460 2807 568 2868 corpus
591 2788 709 2849 laniavit
731 2796 836 2869 acuto,

225 2874 382 2954 Longaque
405 2878 437 2936 in
459 2877 611 2937 immundo
633 2877 754 2955 pulvera
776 2883 871 2937 tracta
893 2894 978 2937 coma
1000 2884 1061 2955 est,

180 2962 301 3041 Voxque
325 2964 381 3022 suit
404 2958 549 3025 “meruit
582 2967 701 3025 meritas
724 2964 761 3025 do
785 2965 931 3043 sanguino
950 2981 1073 3044 poenas.

116 3065 167 3113 aro
225 3050 267 3112 lt
294 3059 417 3130 pereant
439 3061 539 3131 partes
552 3101 561 3132 ,
585 3070 659 3131 quac
682 3069 811 3113 nocuere
835 3047 953 3114 mibil''

182 3135 247 3200 “At
275 3135 425 3218 pereant''
449 3140 564 3200 dicebat
587 3140 704 3221 adbuc,
731 3157 807 3199 onus
830 3141 961 3219 inguinis
983 3139 1086 3214 aulert,

226 3227 370 3307 Nullaque
393 3237 463 3288 sunt
486 3227 584 3288 subito
608 3230 691 3306 signa
713 3227 816 3288 relicta
839 3229 913 3289 viri.

182 3310 269 3374 Venit
291 3317 321 3374 in
345 3315 511 3394 exemplum
535 3317 618 3377 furor
641 3315 710 3394 bic,
733 3315 897 3394 mollesque
919 3315 1041 3377 ministri

227 3401 360 3461 Caedunt
381 3404 496 3464 iactatis
518 3403 586 3464 vilia
609 3400 741 3462 membra
764 3398 891 3465 comis.'

118 3501 167 3548 245
183 3487 302 3548 Talibus
325 3489 434 3550 Aoniae
458 3491 582 3552 facunda
606 3508 676 3551 voce
700 3488 843 3550 Camenae
