2386 3892
434 209 481 257 111.
502 210 650 261 oet-615.

58 381 112 429 555
172 369 312 448 Asperior
336 373 437 449 quovis
461 389 589 449 aequore
613 372 704 431 irater
727 378 807 432 erat.

127 456 181 517 Est
204 476 295 537 prope
318 462 450 537 piscosos
474 458 597 538 lapidosi
620 458 766 520 Crathidis
790 476 890 555 amrps

171 545 282 607 Parvus
305 565 394 627 ager,
420 547 562 608 Cameren
585 547 680 607 incola
703 546 790 608 turha
813 555 913 607 vocat:

127 633 199 694 llluc
223 653 328 695 cursus
353 643 437 696 erat.
479 653 534 696 nec
557 635 673 714 longius
696 636 769 696 aluit
791 635 878 714 inde,

171 721 263 791 Quam
288 731 430 802 quantum
454 726 555 784 novies
578 727 694 784 mittere
718 722 808 783 lunda
830 731 944 800 potest:

58 824 111 872 555
127 811 193 872 Vela
218 813 327 873 eadunt
351 815 446 891 primo
470 822 499 873 et
522 811 610 872 dubia
633 810 778 872 librantur
801 808 837 870 ab
860 827 948 871 aura.

172 896 304 960 ‘Findite
329 896 467 980 remigio’
493 903 588 961 navita
611 900 685 960 dixit
707 893 847 978 ‘aquasl’

127 988 262 1067 Dumque
286 997 389 1067 parant
413 996 489 1050 torto
513 988 680 1049 subducere
704 986 824 1049 carbasa
847 987 923 1065 lino,

171 1078 341 1138 Percutitur
364 1077 465 1157 rapido
488 1079 596 1158 puppis
619 1076 731 1137 adunca
754 1083 842 1155 noto,

128 1165 219 1244 Inque
243 1175 347 1244 patens
371 1183 503 1245 aequor,
526 1167 637 1225 frustra
659 1171 809 1243 pugnante
831 1164 989 1242 magistro,

60 1266 113 1313 590
173 1252 302 1334 Fertur,
327 1263 356 1313 et
379 1272 415 1313 ex
438 1254 532 1314 oculis
555 1256 616 1314 visa
639 1253 749 1330 refugit
771 1251 896 1312 humus.

128 1341 274 1402 hdsiliunt
296 1343 428 1421 lluctus,
451 1344 569 1420 imoque
593 1358 609 1400 5
632 1343 748 1419 gurgite
771 1347 880 1418 pontus

175 1429 327 1510 Vertitur,
351 1438 380 1490 et
403 1447 490 1491 canas
513 1428 612 1490 alveus
635 1429 734 1488 haurit
757 1444 865 1505 aquas.

129 1516 275 1593 [Vincitur
299 1536 346 1578 ars
370 1526 477 1579 vento.
519 1535 574 1578 nec
597 1519 654 1577 iam
677 1514 845 1577 moderator
867 1513 990 1575 habenis

173 1606 295 1686 Utitur,
318 1615 369 1666 aut
391 1609 465 1666 votis
488 1605 534 1666 his
558 1622 675 1684 quoque
700 1606 796 1683 poscit
818 1620 905 1682 opem
915 1601 936 1680 .]

61 1694 257 1754 55515555555
280 1695 408 1755 tumidas
432 1693 499 1754 exul
521 1693 682 1754 Phoenissa
704 1710 758 1771 per
781 1691 892 1772 undas,
987 1703 1043 1754 (100)

173 1781 334 1860 Umidaque
358 1785 491 1862 opposita
513 1782 624 1843 lumina
647 1790 727 1842 veste
751 1781 841 1860 tegit.

131 1867 214 1928 Tunc
238 1873 363 1947 primurn
387 1871 460 1931 Dido
484 1870 553 1931 lelix
576 1878 623 1930 est
645 1869 723 1930 dicta
746 1869 842 1929 sorori

174 1957 212 2016 Et
234 1976 436 2037 quaecumque
460 1957 586 2037 aliquam
610 1975 734 2036 corpore
757 1958 867 2035 pressit
889 1954 1028 2017 humum.

129 2044 244 2123 Figitur
267 2047 302 2106 ad
325 2046 457 2107 Laurens
480 2048 592 2124 ingenti
615 2045 732 2106 llamine
756 2045 826 2105 litus

63 2145 115 2192 555
174 2133 307 2212 Puppis,
330 2143 361 2194 et
383 2136 522 2213 expositis
545 2134 682 2194 omnihus
705 2133 809 2194 hausta
832 2133 926 2211 perit.
948 2144 951 2150 ·

129 2219 190 2279 lam
214 2225 280 2299 pius
302 2221 416 2281 Aeneas
440 2239 531 2300 regno
555 2229 680 2300 nataque
704 2219 800 2281 Latini

175 2311 287 2369 humus
310 2317 373 2369 erat
385 2356 394 2391 ,
417 2309 543 2388 populos
565 2311 783 2389 miscueratque
806 2308 898 2370 duos.

130 2395 230 2457 Litore
254 2397 343 2458 dotali
366 2397 428 2458 solo
452 2399 607 2460 comitatus
629 2397 739 2458 Achate

176 2484 329 2545 Secretum
353 2486 432 2547 nudo
455 2485 524 2546 duim
547 2486 622 2566 pede
645 2488 740 2563 carpit
762 2488 836 2563 iter,
872 2494 875 2502 '

64 2585 115 2633 555
130 2573 244 2651 Aspicit
267 2581 437 2654 errantem,
460 2591 515 2634 nec
538 2574 661 2635 credere
685 2574 812 2634 sustinet
835 2571 947 2632 hunam

175 2661 270 2721 Esse.
311 2662 381 2740 quid
405 2665 436 2723 in
458 2660 557 2723 Latios
579 2662 629 2723 illa
650 2663 766 2721 veniret
788 2655 900 2740 agros?

130 2749 205 2809 Dum
229 2768 331 2811 secum
353 2751 489 2831 Aeneas,
512 2747 608 2811 ‘Anna
630 2745 709 2811 esti’
737 2749 879 2810 exclamat
902 2745 1044 2807 Achates.

175 2837 217 2897 hd
241 2856 348 2899 nomen
371 2838 467 2899 voltus
490 2836 611 2899 sustulit
633 2836 681 2896 illa
704 2855 791 2898 suos.

131 2925 196 2996 Quo
215 2922 335 3005 fugiat?
362 2927 433 3005 quid
452 2922 545 3004 agat?
574 2943 648 3004 quos
666 2933 764 2986 terrae
784 2932 906 3004 quaerat
924 2915 1045 2981 hiatus?

65 3027 116 3074 515
176 3014 249 3074 Ante
273 3013 375 3075 oculos
398 3016 522 3074 miserae
545 3013 604 3074 iata
627 3016 739 3074 sororis
762 3019 864 3072 erant.

132 3099 252 3182 Sensit,
275 3111 305 3162 55
327 3101 496 3180 adloquitur
518 3101 663 3181 trepidam
686 3101 861 3179 Cythereius
883 3095 991 3174 heros3

176 3188 240 3249 Flet
262 3197 359 3250 tamen
384 3190 534 3250 admonitu
557 3199 677 3268 motus,
699 3187 816 3266 Elissa,
839 3185 901 3244 tui:

131 3272 247 3358 ‘Anna,
271 3295 325 3356 per
348 3277 423 3337 hanc
445 3279 534 3357 iuro,
557 3294 643 3356 quam
664 3272 811 3353 quondam
833 3269 935 3331 audire

676 3357 791 3420 solebas

176 3452 325 3513 Tellurem
349 3453 408 3512 lato
431 3452 617 3530 prosperiore
641 3447 722 3529 dari,

64 3552 116 3600 555
132 3540 248 3619 Perque
272 3541 343 3600 deos
366 3541 511 3618 comites,
533 3537 588 3597 hac
611 3553 708 3615 nuper
730 3535 800 3596 sede
822 3535 950 3616 locatos,

833 3639 887 3691 18*
