<?xml version="1.0" encoding="UTF-8"?>
<!DOCTYPE html PUBLIC "-//W3C//DTD XHTML 1.0 Transitional//EN"
    "http://www.w3.org/TR/xhtml1/DTD/xhtml1-transitional.dtd">
<html xmlns="http://www.w3.org/1999/xhtml" xml:lang="en" lang="en">
 <head>
  <title>
</title>
<meta http-equiv="Content-Type" content="text/html;charset=utf-8" />
  <meta name='ocr-system' content='tesseract 3.04.00' />
  <meta name='ocr-capabilities' content='ocr_page ocr_carea ocr_par ocr_line ocrx_word'/>
</head>
<body>
  <div class='ocr_page' id='page_1' title='image "./ovidiusexiterat00ovidgoog_0124.png"; bbox 0 0 2386 3892; ppageno 0'>
   <div class='ocr_carea' id='block_1_1' title="bbox 420 175 1057 240">
    <p class='ocr_par' dir='ltr' id='par_1_1' title="bbox 420 175 1057 240">
     <span class='ocr_line' id='line_1_1' title="bbox 420 175 1057 240; baseline 0.002 -14"><span class='ocrx_word' id='word_1_1' title='bbox 420 175 466 227; x_wconf 87' lang='lat' dir='ltr'>IV.</span> <span class='ocrx_word' id='word_1_2' title='bbox 485 187 519 228; x_wconf 84' lang='lat' dir='ltr'>v1</span> <span class='ocrx_word' id='word_1_3' title='bbox 534 179 632 228; x_wconf 85' lang='lat' dir='ltr'>1-r11</span> <span class='ocrx_word' id='word_1_4' title='bbox 647 176 688 227; x_wconf 87' lang='lat'>18.</span> <span class='ocrx_word' id='word_1_5' title='bbox 1015 175 1057 240; x_wconf 72' lang='grc'>73</span> 
     </span>
    </p>
   </div>
   <div class='ocr_carea' id='block_1_2' title="bbox 87 336 1058 1627">
    <p class='ocr_par' dir='ltr' id='par_1_2' title="bbox 136 336 1039 681">
     <span class='ocr_line' id='line_1_2' title="bbox 136 336 832 416; baseline 0.004 -19"><span class='ocrx_word' id='word_1_6' title='bbox 136 336 308 410; x_wconf 83' lang='lat' dir='ltr'>Quamlibet</span> <span class='ocrx_word' id='word_1_7' title='bbox 331 337 436 416; x_wconf 79' lang='lat' dir='ltr'>exiguo</span> <span class='ocrx_word' id='word_1_8' title='bbox 460 336 584 398; x_wconf 89' lang='lat' dir='ltr'>solvitur</span> <span class='ocrx_word' id='word_1_9' title='bbox 607 336 701 398; x_wconf 90' lang='lat' dir='ltr'>imbre</span> <span class='ocrx_word' id='word_1_10' title='bbox 725 345 832 400; x_wconf 84' lang='lat' dir='ltr'>retus.</span> 
     </span>
     <span class='ocr_line' id='line_1_3' title="bbox 136 425 1039 506; baseline 0.002 -20"><span class='ocrx_word' id='word_1_11' title='bbox 136 426 197 486; x_wconf 92' lang='lat' dir='ltr'>Nos</span> <span class='ocrx_word' id='word_1_12' title='bbox 216 443 359 506; x_wconf 90' lang='lat' dir='ltr'>quoque,</span> <span class='ocrx_word' id='word_1_13' title='bbox 382 442 457 503; x_wconf 90' lang='lat' dir='ltr'>quae</span> <span class='ocrx_word' id='word_1_14' title='bbox 477 425 621 505; x_wconf 87' lang='lat' dir='ltr'>serimus,</span> <span class='ocrx_word' id='word_1_15' title='bbox 645 425 766 486; x_wconf 89' lang='lat' dir='ltr'>tulimus</span> <span class='ocrx_word' id='word_1_16' title='bbox 789 427 949 504; x_wconf 88' lang='lat' dir='ltr'>patientius</span> <span class='ocrx_word' id='word_1_17' title='bbox 972 434 1039 488; x_wconf 90' lang='lat' dir='ltr'>ante</span> 
     </span>
     <span class='ocr_line' id='line_1_4' title="bbox 138 510 838 592; baseline 0 -18"><span class='ocrx_word' id='word_1_18' title='bbox 138 514 232 584; x_wconf 89' lang='lat' dir='ltr'>Quam</span> <span class='ocrx_word' id='word_1_19' title='bbox 257 510 332 573; x_wconf 91' lang='lat' dir='ltr'>mala</span> <span class='ocrx_word' id='word_1_20' title='bbox 355 521 426 573; x_wconf 88' lang='lat' dir='ltr'>sunt</span> <span class='ocrx_word' id='word_1_21' title='bbox 447 512 534 591; x_wconf 89' lang='lat' dir='ltr'>longa</span> <span class='ocrx_word' id='word_1_22' title='bbox 557 511 750 592; x_wconf 90' lang='lat' dir='ltr'>multiplicata</span> <span class='ocrx_word' id='word_1_23' title='bbox 773 512 838 575; x_wconf 91' lang='lat' dir='ltr'>die.</span> 
     </span>
     <span class='ocr_line' id='line_1_5' title="bbox 139 600 970 681; baseline 0.001 -20"><span class='ocrx_word' id='word_1_24' title='bbox 139 601 281 681; x_wconf 89' lang='lat' dir='ltr'>Credite,</span> <span class='ocrx_word' id='word_1_25' title='bbox 306 600 431 681; x_wconf 73' lang='lat' dir='ltr'>deficio,</span> <span class='ocrx_word' id='word_1_26' title='bbox 455 608 617 678; x_wconf 89' lang='lat' dir='ltr'>nostroque</span> <span class='ocrx_word' id='word_1_27' title='bbox 640 618 657 660; x_wconf 98' lang='lat' dir='ltr'>a</span> <span class='ocrx_word' id='word_1_28' title='bbox 680 619 804 679; x_wconf 90' lang='lat' dir='ltr'>corpore</span> <span class='ocrx_word' id='word_1_29' title='bbox 828 610 970 681; x_wconf 88' lang='lat' dir='ltr'>quantum</span> 
     </span>
    </p>

    <p class='ocr_par' dir='ltr' id='par_1_3' title="bbox 87 688 1057 1117">
     <span class='ocr_line' id='line_1_6' title="bbox 87 688 859 768; baseline 0.003 -20"><span class='ocrx_word' id='word_1_30' title='bbox 87 702 120 750; x_wconf 81' lang='lat'>40</span> <span class='ocrx_word' id='word_1_31' title='bbox 137 692 298 768; x_wconf 84' lang='lat' dir='ltr'><strong>Auguror,</strong></span> <span class='ocrx_word' id='word_1_32' title='bbox 323 688 468 749; x_wconf 90' lang='lat' dir='ltr'>accedunt</span> <span class='ocrx_word' id='word_1_33' title='bbox 489 695 622 767; x_wconf 92' lang='lat' dir='ltr'>tempora</span> <span class='ocrx_word' id='word_1_34' title='bbox 645 706 735 767; x_wconf 86' lang='lat' dir='ltr'>parva</span> <span class='ocrx_word' id='word_1_35' title='bbox 759 689 859 750; x_wconf 85' lang='lat' dir='ltr'>malis.</span> 
     </span>
     <span class='ocr_line' id='line_1_7' title="bbox 138 776 1057 857; baseline 0.002 -21"><span class='ocrx_word' id='word_1_36' title='bbox 138 777 212 837; x_wconf 90' lang='lat' dir='ltr'>Nam</span> <span class='ocrx_word' id='word_1_37' title='bbox 236 794 333 855; x_wconf 90' lang='lat' dir='ltr'>neque</span> <span class='ocrx_word' id='word_1_38' title='bbox 357 783 427 836; x_wconf 90' lang='lat' dir='ltr'>sunt</span> <span class='ocrx_word' id='word_1_39' title='bbox 450 777 549 857; x_wconf 89' lang='lat' dir='ltr'>vires,</span> <span class='ocrx_word' id='word_1_40' title='bbox 576 793 632 837; x_wconf 90' lang='lat' dir='ltr'>nec</span> <span class='ocrx_word' id='word_1_41' title='bbox 660 778 711 854; x_wconf 89' lang='lat' dir='ltr'>qui</span> <span class='ocrx_word' id='word_1_42' title='bbox 734 776 815 837; x_wconf 94' lang='lat' dir='ltr'>color</span> <span class='ocrx_word' id='word_1_43' title='bbox 838 795 904 838; x_wconf 91' lang='lat' dir='ltr'>esse</span> <span class='ocrx_word' id='word_1_44' title='bbox 928 777 1057 839; x_wconf 79' lang='lat' dir='ltr'><strong>solebat:</strong></span> 
     </span>
     <span class='ocr_line' id='line_1_8' title="bbox 138 863 928 945; baseline 0.004 -23"><span class='ocrx_word' id='word_1_45' title='bbox 138 863 193 924; x_wconf 78' lang='lat' dir='ltr'>Vir</span> <span class='ocrx_word' id='word_1_46' title='bbox 215 863 310 924; x_wconf 91' lang='lat' dir='ltr'>habeo</span> <span class='ocrx_word' id='word_1_47' title='bbox 334 871 476 944; x_wconf 87' lang='lat' dir='ltr'>tenuem,</span> <span class='ocrx_word' id='word_1_48' title='bbox 500 881 575 941; x_wconf 93' lang='lat' dir='ltr'>quae</span> <span class='ocrx_word' id='word_1_49' title='bbox 599 870 679 941; x_wconf 91' lang='lat' dir='ltr'>tegat</span> <span class='ocrx_word' id='word_1_50' title='bbox 701 882 788 945; x_wconf 89' lang='lat' dir='ltr'>ossa,</span> <span class='ocrx_word' id='word_1_51' title='bbox 812 873 928 926; x_wconf 90' lang='lat' dir='ltr'>cutem.</span> 
     </span>
     <span class='ocr_line' id='line_1_9' title="bbox 138 950 1024 1035; baseline 0.002 -23"><span class='ocrx_word' id='word_1_52' title='bbox 138 951 270 1031; x_wconf 85' lang='lat' dir='ltr'>Corpore</span> <span class='ocrx_word' id='word_1_53' title='bbox 294 950 346 1031; x_wconf 85' lang='lat' dir='ltr'>sed</span> <span class='ocrx_word' id='word_1_54' title='bbox 365 968 449 1011; x_wconf 90' lang='lat' dir='ltr'>meus</span> <span class='ocrx_word' id='word_1_55' title='bbox 473 958 519 1011; x_wconf 87' lang='lat' dir='ltr'>cst</span> <span class='ocrx_word' id='word_1_56' title='bbox 543 969 631 1029; x_wconf 93' lang='lat' dir='ltr'>aegro</span> <span class='ocrx_word' id='word_1_57' title='bbox 655 953 748 1029; x_wconf 90' lang='lat' dir='ltr'>magis</span> <span class='ocrx_word' id='word_1_58' title='bbox 770 970 874 1035; x_wconf 88' lang='lat' dir='ltr'>aegra,</span> <span class='ocrx_word' id='word_1_59' title='bbox 897 951 1024 1031; x_wconf 91' lang='lat' dir='ltr'>malique</span> 
     </span>
     <span class='ocr_line' id='line_1_10' title="bbox 139 1038 752 1117; baseline 0.003 -18"><span class='ocrx_word' id='word_1_60' title='bbox 139 1040 173 1099; x_wconf 89' lang='lat' dir='ltr'>lu</span> <span class='ocrx_word' id='word_1_61' title='bbox 196 1042 414 1117; x_wconf 90' lang='lat' dir='ltr'>circumspectu</span> <span class='ocrx_word' id='word_1_62' title='bbox 439 1046 496 1099; x_wconf 90' lang='lat' dir='ltr'>stat</span> <span class='ocrx_word' id='word_1_63' title='bbox 519 1040 582 1098; x_wconf 91' lang='lat' dir='ltr'>sine</span> <span class='ocrx_word' id='word_1_64' title='bbox 605 1038 663 1100; x_wconf 84' lang='lat' dir='ltr'>fine</span> <span class='ocrx_word' id='word_1_65' title='bbox 687 1042 752 1101; x_wconf 87' lang='lat' dir='ltr'>sui.</span> 
     </span>
    </p>

    <p class='ocr_par' dir='ltr' id='par_1_4' title="bbox 91 1126 1058 1558">
     <span class='ocr_line' id='line_1_11' title="bbox 91 1126 982 1209; baseline 0.004 -24"><span class='ocrx_word' id='word_1_66' title='bbox 91 1139 125 1186; x_wconf 79' lang='lat'>45</span> <span class='ocrx_word' id='word_1_67' title='bbox 141 1126 229 1187; x_wconf 89' lang='lat' dir='ltr'>Urbis</span> <span class='ocrx_word' id='word_1_68' title='bbox 253 1126 337 1187; x_wconf 89' lang='lat' dir='ltr'>abest</span> <span class='ocrx_word' id='word_1_69' title='bbox 360 1127 471 1206; x_wconf 90' lang='lat' dir='ltr'>iacies,</span> <span class='ocrx_word' id='word_1_70' title='bbox 495 1126 623 1206; x_wconf 90' lang='lat' dir='ltr'>absunt,</span> <span class='ocrx_word' id='word_1_71' title='bbox 647 1145 711 1187; x_wconf 89' lang='lat' dir='ltr'>mea</span> <span class='ocrx_word' id='word_1_72' title='bbox 734 1146 805 1189; x_wconf 90' lang='lat' dir='ltr'>cura</span> <span class='ocrx_word' id='word_1_73' title='bbox 818 1176 827 1209; x_wconf 93' lang='lat'>,</span> <span class='ocrx_word' id='word_1_74' title='bbox 851 1127 982 1209; x_wconf 90' lang='lat' dir='ltr'>sodales,</span> 
     </span>
     <span class='ocr_line' id='line_1_12' title="bbox 141 1213 846 1295; baseline 0.001 -20"><span class='ocrx_word' id='word_1_75' title='bbox 141 1214 178 1275; x_wconf 86' lang='lat' dir='ltr'>Et</span> <span class='ocrx_word' id='word_1_76' title='bbox 191 1262 200 1295; x_wconf 91' lang='lat'>,</span> <span class='ocrx_word' id='word_1_77' title='bbox 223 1232 281 1292; x_wconf 92' lang='lat' dir='ltr'>qua</span> <span class='ocrx_word' id='word_1_78' title='bbox 304 1214 384 1275; x_wconf 91' lang='lat' dir='ltr'>nulla</span> <span class='ocrx_word' id='word_1_79' title='bbox 408 1213 480 1273; x_wconf 94' lang='lat' dir='ltr'>mibi</span> <span class='ocrx_word' id='word_1_80' title='bbox 503 1217 623 1293; x_wconf 90' lang='lat' dir='ltr'>carior,</span> <span class='ocrx_word' id='word_1_81' title='bbox 646 1232 721 1274; x_wconf 82' lang='lat' dir='ltr'>uxor</span> <span class='ocrx_word' id='word_1_82' title='bbox 745 1214 846 1276; x_wconf 90' lang='lat' dir='ltr'>abest.</span> 
     </span>
     <span class='ocr_line' id='line_1_13' title="bbox 140 1301 1058 1381; baseline 0.005 -21"><span class='ocrx_word' id='word_1_83' title='bbox 140 1301 250 1381; x_wconf 82' lang='lat' dir='ltr'>Vulgus</span> <span class='ocrx_word' id='word_1_84' title='bbox 274 1302 358 1363; x_wconf 89' lang='lat' dir='ltr'>adest</span> <span class='ocrx_word' id='word_1_85' title='bbox 381 1301 551 1381; x_wconf 79' lang='lat' dir='ltr'>Scytbicum</span> <span class='ocrx_word' id='word_1_86' title='bbox 578 1301 755 1380; x_wconf 76' lang='lat' dir='ltr'>bracataque</span> <span class='ocrx_word' id='word_1_87' title='bbox 785 1301 872 1363; x_wconf 90' lang='lat' dir='ltr'>turba</span> <span class='ocrx_word' id='word_1_88' title='bbox 900 1302 1058 1365; x_wconf 82' lang='lat' dir='ltr'>Getarum:</span> 
     </span>
     <span class='ocr_line' id='line_1_14' title="bbox 142 1389 920 1470; baseline 0.003 -22"><span class='ocrx_word' id='word_1_89' title='bbox 142 1389 190 1449; x_wconf 84' lang='lat' dir='ltr'>Sic</span> <span class='ocrx_word' id='word_1_90' title='bbox 213 1408 283 1470; x_wconf 92' lang='lat' dir='ltr'>me,</span> <span class='ocrx_word' id='word_1_91' title='bbox 308 1408 383 1468; x_wconf 92' lang='lat' dir='ltr'>quae</span> <span class='ocrx_word' id='word_1_92' title='bbox 406 1390 489 1450; x_wconf 88' lang='lat' dir='ltr'>video</span> <span class='ocrx_word' id='word_1_93' title='bbox 514 1407 573 1450; x_wconf 88' lang='lat' dir='ltr'>non</span> <span class='ocrx_word' id='word_1_94' title='bbox 596 1389 762 1470; x_wconf 88' lang='lat' dir='ltr'>videoque,</span> <span class='ocrx_word' id='word_1_95' title='bbox 785 1397 920 1450; x_wconf 88' lang='lat' dir='ltr'>movent.</span> 
     </span>
     <span class='ocr_line' id='line_1_15' title="bbox 142 1474 973 1558; baseline 0.002 -22"><span class='ocrx_word' id='word_1_96' title='bbox 142 1476 204 1537; x_wconf 91' lang='lat' dir='ltr'>Una</span> <span class='ocrx_word' id='word_1_97' title='bbox 227 1486 326 1539; x_wconf 90' lang='lat' dir='ltr'>tamen</span> <span class='ocrx_word' id='word_1_98' title='bbox 350 1496 417 1556; x_wconf 90' lang='lat' dir='ltr'>spes</span> <span class='ocrx_word' id='word_1_99' title='bbox 443 1486 488 1538; x_wconf 93' lang='lat' dir='ltr'>est</span> <span class='ocrx_word' id='word_1_100' title='bbox 500 1525 509 1558; x_wconf 92' lang='lat'>,</span> <span class='ocrx_word' id='word_1_101' title='bbox 533 1494 607 1556; x_wconf 90' lang='lat' dir='ltr'>quae</span> <span class='ocrx_word' id='word_1_102' title='bbox 632 1495 678 1537; x_wconf 94' lang='lat' dir='ltr'>me</span> <span class='ocrx_word' id='word_1_103' title='bbox 702 1474 815 1537; x_wconf 78' lang='lat' dir='ltr'>soletur</span> <span class='ocrx_word' id='word_1_104' title='bbox 837 1479 869 1538; x_wconf 92' lang='lat' dir='ltr'>in</span> <span class='ocrx_word' id='word_1_105' title='bbox 891 1479 973 1558; x_wconf 85' lang='lat' dir='ltr'>istis,</span> 
     </span>
    </p>

    <p class='ocr_par' dir='ltr' id='par_1_5' title="bbox 99 1564 864 1627">
     <span class='ocr_line' id='line_1_16' title="bbox 99 1564 864 1627; baseline 0.003 -3"><span class='ocrx_word' id='word_1_106' title='bbox 99 1578 128 1625; x_wconf 80' lang='lat' dir='ltr'>oo</span> <span class='ocrx_word' id='word_1_107' title='bbox 143 1564 219 1626; x_wconf 90' lang='lat' dir='ltr'>Haec</span> <span class='ocrx_word' id='word_1_108' title='bbox 243 1566 307 1626; x_wconf 86' lang='lat' dir='ltr'>lore</span> <span class='ocrx_word' id='word_1_109' title='bbox 331 1573 426 1626; x_wconf 92' lang='lat' dir='ltr'>morte</span> <span class='ocrx_word' id='word_1_110' title='bbox 449 1582 513 1626; x_wconf 90' lang='lat' dir='ltr'>mea</span> <span class='ocrx_word' id='word_1_111' title='bbox 537 1583 597 1626; x_wconf 89' lang='lat' dir='ltr'>non</span> <span class='ocrx_word' id='word_1_112' title='bbox 620 1565 759 1626; x_wconf 86' lang='lat' dir='ltr'>diuturna</span> <span class='ocrx_word' id='word_1_113' title='bbox 781 1564 864 1627; x_wconf 89' lang='lat' dir='ltr'>mala.</span> 
     </span>
    </p>
   </div>
   <div class='ocr_carea' id='block_1_3' title="bbox 516 1757 594 1831">
    <p class='ocr_par' dir='ltr' id='par_1_6' title="bbox 516 1757 594 1831">
     <span class='ocr_line' id='line_1_17' title="bbox 516 1757 594 1831; baseline 0.013 -2"><span class='ocrx_word' id='word_1_114' title='bbox 516 1757 594 1831; x_wconf 87' lang='lat' dir='ltr'><strong>VII.</strong></span> 
     </span>
    </p>
   </div>
   <div class='ocr_carea' id='block_1_4' title="bbox 106 1914 1060 3576">
    <p class='ocr_par' dir='ltr' id='par_1_7' title="bbox 144 1914 986 2258">
     <span class='ocr_line' id='line_1_18' title="bbox 144 1914 943 1998; baseline 0.005 -23"><span class='ocrx_word' id='word_1_115' title='bbox 144 1915 191 1976; x_wconf 85' lang='lat' dir='ltr'>Ris</span> <span class='ocrx_word' id='word_1_116' title='bbox 214 1933 262 1976; x_wconf 91' lang='lat' dir='ltr'>me</span> <span class='ocrx_word' id='word_1_117' title='bbox 286 1915 330 1976; x_wconf 92' lang='lat' dir='ltr'>sol</span> <span class='ocrx_word' id='word_1_118' title='bbox 352 1915 423 1976; x_wconf 90' lang='lat' dir='ltr'>adiit</span> <span class='ocrx_word' id='word_1_119' title='bbox 445 1914 558 1994; x_wconf 81' lang='lat' dir='ltr'>gelidae</span> <span class='ocrx_word' id='word_1_120' title='bbox 581 1924 649 1994; x_wconf 89' lang='lat' dir='ltr'>post</span> <span class='ocrx_word' id='word_1_121' title='bbox 671 1918 780 1995; x_wconf 82' lang='lat' dir='ltr'>frigora</span> <span class='ocrx_word' id='word_1_122' title='bbox 803 1917 943 1998; x_wconf 89' lang='lat' dir='ltr'>brumae,</span> 
     </span>
     <span class='ocr_line' id='line_1_19' title="bbox 144 2003 807 2084; baseline 0.003 -20"><span class='ocrx_word' id='word_1_123' title='bbox 144 2003 251 2082; x_wconf 88' lang='lat' dir='ltr'>Bisque</span> <span class='ocrx_word' id='word_1_124' title='bbox 275 2021 362 2064; x_wconf 91' lang='lat' dir='ltr'>suum</span> <span class='ocrx_word' id='word_1_125' title='bbox 385 2011 463 2064; x_wconf 91' lang='lat' dir='ltr'>tacto</span> <span class='ocrx_word' id='word_1_126' title='bbox 486 2004 572 2064; x_wconf 92' lang='lat' dir='ltr'>Pisce</span> <span class='ocrx_word' id='word_1_127' title='bbox 594 2007 711 2084; x_wconf 80' lang='lat' dir='ltr'>peregit</span> <span class='ocrx_word' id='word_1_128' title='bbox 732 2008 807 2066; x_wconf 90' lang='lat' dir='ltr'>iter.</span> 
     </span>
     <span class='ocr_line' id='line_1_20' title="bbox 145 2091 986 2170; baseline 0.001 -19"><span class='ocrx_word' id='word_1_129' title='bbox 145 2092 288 2170; x_wconf 85' lang='lat' dir='ltr'>Tempore</span> <span class='ocrx_word' id='word_1_130' title='bbox 313 2099 372 2152; x_wconf 90' lang='lat' dir='ltr'>tam</span> <span class='ocrx_word' id='word_1_131' title='bbox 395 2091 482 2170; x_wconf 92' lang='lat' dir='ltr'>longo</span> <span class='ocrx_word' id='word_1_132' title='bbox 506 2110 560 2153; x_wconf 90' lang='lat' dir='ltr'>cur</span> <span class='ocrx_word' id='word_1_133' title='bbox 583 2110 642 2153; x_wconf 85' lang='lat' dir='ltr'>non</span> <span class='ocrx_word' id='word_1_134' title='bbox 665 2102 716 2154; x_wconf 92' lang='lat' dir='ltr'>tua</span> <span class='ocrx_word' id='word_1_135' title='bbox 739 2093 858 2154; x_wconf 80' lang='lat' dir='ltr'>deutera</span> <span class='ocrx_word' id='word_1_136' title='bbox 882 2110 986 2154; x_wconf 86' lang='lat' dir='ltr'>versus</span> 
     </span>
     <span class='ocr_line' id='line_1_21' title="bbox 147 2177 760 2258; baseline 0.003 -19"><span class='ocrx_word' id='word_1_137' title='bbox 147 2178 311 2250; x_wconf 82' lang='lat' dir='ltr'>Quamlibet</span> <span class='ocrx_word' id='word_1_138' title='bbox 333 2182 364 2240; x_wconf 89' lang='lat' dir='ltr'>io</span> <span class='ocrx_word' id='word_1_139' title='bbox 386 2197 497 2258; x_wconf 91' lang='lat' dir='ltr'>paucos</span> <span class='ocrx_word' id='word_1_140' title='bbox 520 2180 649 2241; x_wconf 81' lang='lat' dir='ltr'>officiosa</span> <span class='ocrx_word' id='word_1_141' title='bbox 672 2177 760 2243; x_wconf 83' lang='lat' dir='ltr'>fuit?</span> 
     </span>
    </p>

    <p class='ocr_par' dir='ltr' id='par_1_8' title="bbox 120 2267 1008 2700">
     <span class='ocr_line' id='line_1_22' title="bbox 120 2267 886 2349; baseline 0.004 -23"><span class='ocrx_word' id='word_1_142' title='bbox 120 2267 205 2328; x_wconf 77' lang='lat' dir='ltr'>scor</span> <span class='ocrx_word' id='word_1_143' title='bbox 229 2277 279 2328; x_wconf 92' lang='lat' dir='ltr'>tua</span> <span class='ocrx_word' id='word_1_144' title='bbox 302 2269 427 2328; x_wconf 86' lang='lat' dir='ltr'>cessavit</span> <span class='ocrx_word' id='word_1_145' title='bbox 449 2270 566 2347; x_wconf 90' lang='lat' dir='ltr'>pietas,</span> <span class='ocrx_word' id='word_1_146' title='bbox 590 2267 788 2335; x_wconf 85' lang='lat' dir='ltr'>scribentibus</span> <span class='ocrx_word' id='word_1_147' title='bbox 811 2269 886 2349; x_wconf 84' lang='lat' dir='ltr'>illis,</span> 
     </span>
     <span class='ocr_line' id='line_1_23' title="bbox 146 2352 817 2434; baseline 0.003 -19"><span class='ocrx_word' id='word_1_148' title='bbox 146 2355 276 2434; x_wconf 84' lang='lat' dir='ltr'>Exiguus</span> <span class='ocrx_word' id='word_1_149' title='bbox 300 2355 385 2415; x_wconf 89' lang='lat' dir='ltr'>nobis</span> <span class='ocrx_word' id='word_1_150' title='bbox 408 2373 476 2416; x_wconf 93' lang='lat' dir='ltr'>cum</span> <span class='ocrx_word' id='word_1_151' title='bbox 500 2352 608 2433; x_wconf 93' lang='lat' dir='ltr'>quibus</span> <span class='ocrx_word' id='word_1_152' title='bbox 632 2372 705 2415; x_wconf 92' lang='lat' dir='ltr'>usus</span> <span class='ocrx_word' id='word_1_153' title='bbox 729 2352 817 2417; x_wconf 87' lang='lat' dir='ltr'>erat?</span> 
     </span>
     <span class='ocr_line' id='line_1_24' title="bbox 147 2441 1008 2525; baseline -0.001 -22"><span class='ocrx_word' id='word_1_154' title='bbox 147 2443 227 2525; x_wconf 90' lang='lat' dir='ltr'>Cur,</span> <span class='ocrx_word' id='word_1_155' title='bbox 250 2445 387 2522; x_wconf 88' lang='lat' dir='ltr'>quotiens</span> <span class='ocrx_word' id='word_1_156' title='bbox 410 2443 497 2504; x_wconf 94' lang='lat' dir='ltr'>alicui</span> <span class='ocrx_word' id='word_1_157' title='bbox 520 2441 639 2502; x_wconf 90' lang='lat' dir='ltr'>chartae</span> <span class='ocrx_word' id='word_1_158' title='bbox 663 2459 716 2502; x_wconf 90' lang='lat' dir='ltr'>sua</span> <span class='ocrx_word' id='word_1_159' title='bbox 738 2442 854 2504; x_wconf 86' lang='lat' dir='ltr'>vincula</span> <span class='ocrx_word' id='word_1_160' title='bbox 876 2441 1008 2520; x_wconf 87' lang='lat' dir='ltr'>dempsi,</span> 
     </span>
     <span class='ocr_line' id='line_1_25' title="bbox 146 2524 760 2609; baseline -0.003 -19"><span class='ocrx_word' id='word_1_161' title='bbox 146 2531 225 2591; x_wconf 90' lang='lat' dir='ltr'>lllam</span> <span class='ocrx_word' id='word_1_162' title='bbox 249 2533 364 2609; x_wconf 90' lang='lat' dir='ltr'>speravi</span> <span class='ocrx_word' id='word_1_163' title='bbox 386 2549 495 2591; x_wconf 90' lang='lat' dir='ltr'>nomen</span> <span class='ocrx_word' id='word_1_164' title='bbox 517 2528 626 2589; x_wconf 91' lang='lat' dir='ltr'>habere</span> <span class='ocrx_word' id='word_1_165' title='bbox 650 2524 760 2589; x_wconf 84' lang='lat' dir='ltr'>tuum?</span> 
     </span>
     <span class='ocr_line' id='line_1_26' title="bbox 146 2615 908 2700; baseline -0.003 -22"><span class='ocrx_word' id='word_1_166' title='bbox 146 2618 179 2679; x_wconf 85' lang='lat' dir='ltr'>bi</span> <span class='ocrx_word' id='word_1_167' title='bbox 203 2620 333 2700; x_wconf 90' lang='lat' dir='ltr'>iaciant,</span> <span class='ocrx_word' id='word_1_168' title='bbox 356 2627 390 2680; x_wconf 92' lang='lat' dir='ltr'>ut</span> <span class='ocrx_word' id='word_1_169' title='bbox 413 2636 499 2697; x_wconf 84' lang='lat' dir='ltr'>saepe</span> <span class='ocrx_word' id='word_1_170' title='bbox 523 2625 574 2679; x_wconf 90' lang='lat' dir='ltr'>tua</span> <span class='ocrx_word' id='word_1_171' title='bbox 597 2619 635 2678; x_wconf 91' lang='lat' dir='ltr'>sit</span> <span class='ocrx_word' id='word_1_172' title='bbox 659 2615 784 2696; x_wconf 85' lang='lat' dir='ltr'>epistula</span> <span class='ocrx_word' id='word_1_173' title='bbox 807 2616 908 2677; x_wconf 84' lang='lat' dir='ltr'>dextra</span> 
     </span>
    </p>

    <p class='ocr_par' dir='ltr' id='par_1_9' title="bbox 107 2703 1060 3138">
     <span class='ocr_line' id='line_1_27' title="bbox 107 2703 992 2788; baseline 0.003 -26"><span class='ocrx_word' id='word_1_174' title='bbox 107 2715 133 2764; x_wconf 88' lang='lat'>10</span> <span class='ocrx_word' id='word_1_175' title='bbox 148 2706 285 2788; x_wconf 89' lang='lat' dir='ltr'>Scripta,</span> <span class='ocrx_word' id='word_1_176' title='bbox 308 2707 360 2767; x_wconf 89' lang='lat' dir='ltr'>sed</span> <span class='ocrx_word' id='word_1_177' title='bbox 384 2725 400 2768; x_wconf 92' lang='lat' dir='ltr'>e</span> <span class='ocrx_word' id='word_1_178' title='bbox 423 2704 523 2766; x_wconf 91' lang='lat' dir='ltr'>multis</span> <span class='ocrx_word' id='word_1_179' title='bbox 546 2705 660 2766; x_wconf 91' lang='lat' dir='ltr'>reddita</span> <span class='ocrx_word' id='word_1_180' title='bbox 684 2703 762 2765; x_wconf 90' lang='lat' dir='ltr'>nulla</span> <span class='ocrx_word' id='word_1_181' title='bbox 786 2703 874 2767; x_wconf 90' lang='lat' dir='ltr'>mihil</span> <span class='ocrx_word' id='word_1_182' title='bbox 986 2707 992 2717; x_wconf 90' lang='lat'>&#39;</span> 
     </span>
     <span class='ocr_line' id='line_1_28' title="bbox 146 2793 1060 2875; baseline -0.002 -21"><span class='ocrx_word' id='word_1_183' title='bbox 146 2794 229 2865; x_wconf 85' lang='lat' dir='ltr'>Quod</span> <span class='ocrx_word' id='word_1_184' title='bbox 249 2812 372 2873; x_wconf 91' lang='lat' dir='ltr'>precor,</span> <span class='ocrx_word' id='word_1_185' title='bbox 392 2812 457 2855; x_wconf 88' lang='lat' dir='ltr'>esse</span> <span class='ocrx_word' id='word_1_186' title='bbox 476 2793 585 2871; x_wconf 90' lang='lat' dir='ltr'>liquet.</span> <span class='ocrx_word' id='word_1_187' title='bbox 614 2793 732 2855; x_wconf 90' lang='lat' dir='ltr'>credam</span> <span class='ocrx_word' id='word_1_188' title='bbox 749 2796 832 2875; x_wconf 90' lang='lat' dir='ltr'>prius</span> <span class='ocrx_word' id='word_1_189' title='bbox 851 2812 902 2855; x_wconf 90' lang='lat' dir='ltr'>ora</span> <span class='ocrx_word' id='word_1_190' title='bbox 921 2793 1060 2856; x_wconf 85' lang='lat' dir='ltr'>Medusae</span> 
     </span>
     <span class='ocr_line' id='line_1_29' title="bbox 147 2881 834 2964; baseline 0.003 -22"><span class='ocrx_word' id='word_1_191' title='bbox 147 2881 291 2961; x_wconf 81' lang='lat' dir='ltr'>Gorgonis</span> <span class='ocrx_word' id='word_1_192' title='bbox 314 2883 466 2961; x_wconf 88' lang='lat' dir='ltr'>anguineis</span> <span class='ocrx_word' id='word_1_193' title='bbox 490 2883 587 2942; x_wconf 89' lang='lat' dir='ltr'>cincta</span> <span class='ocrx_word' id='word_1_194' title='bbox 610 2882 701 2944; x_wconf 86' lang='lat' dir='ltr'>luisse</span> <span class='ocrx_word' id='word_1_195' title='bbox 725 2885 834 2964; x_wconf 92' lang='lat' dir='ltr'>comis,</span> 
     </span>
     <span class='ocr_line' id='line_1_30' title="bbox 146 2968 998 3052; baseline 0.001 -23"><span class='ocrx_word' id='word_1_196' title='bbox 146 2968 218 3030; x_wconf 86' lang='lat' dir='ltr'>Esse</span> <span class='ocrx_word' id='word_1_197' title='bbox 243 2989 331 3031; x_wconf 90' lang='lat' dir='ltr'>canes</span> <span class='ocrx_word' id='word_1_198' title='bbox 355 2979 440 3031; x_wconf 90' lang='lat' dir='ltr'>utero</span> <span class='ocrx_word' id='word_1_199' title='bbox 464 2969 519 3030; x_wconf 89' lang='lat' dir='ltr'>sub</span> <span class='ocrx_word' id='word_1_200' title='bbox 542 2971 685 3052; x_wconf 85' lang='lat' dir='ltr'>virginis,</span> <span class='ocrx_word' id='word_1_201' title='bbox 708 2989 774 3033; x_wconf 89' lang='lat' dir='ltr'>esse</span> <span class='ocrx_word' id='word_1_202' title='bbox 798 2971 998 3051; x_wconf 85' lang='lat' dir='ltr'>Chimaeram,</span> 
     </span>
     <span class='ocr_line' id='line_1_31' title="bbox 147 3057 896 3138; baseline 0 -22"><span class='ocrx_word' id='word_1_203' title='bbox 147 3057 169 3116; x_wconf 80' lang='grc' dir='ltr'><strong>Α</strong></span> <span class='ocrx_word' id='word_1_204' title='bbox 192 3067 278 3119; x_wconf 89' lang='lat' dir='ltr'>truce</span> <span class='ocrx_word' id='word_1_205' title='bbox 301 3075 376 3136; x_wconf 89' lang='lat' dir='ltr'>quae</span> <span class='ocrx_word' id='word_1_206' title='bbox 399 3058 523 3119; x_wconf 91' lang='lat' dir='ltr'>ssammis</span> <span class='ocrx_word' id='word_1_207' title='bbox 547 3065 664 3138; x_wconf 90' lang='lat' dir='ltr'>separet</span> <span class='ocrx_word' id='word_1_208' title='bbox 686 3076 781 3138; x_wconf 85' lang='lat' dir='ltr'>angue</span> <span class='ocrx_word' id='word_1_209' title='bbox 804 3058 896 3137; x_wconf 92' lang='lat' dir='ltr'>leam,</span> 
     </span>
    </p>

    <p class='ocr_par' dir='ltr' id='par_1_10' title="bbox 106 3144 947 3225">
     <span class='ocr_line' id='line_1_32' title="bbox 106 3144 947 3225; baseline 0 -23"><span class='ocrx_word' id='word_1_210' title='bbox 106 3154 133 3203; x_wconf 78' lang='lat'>15</span> <span class='ocrx_word' id='word_1_211' title='bbox 147 3144 418 3225; x_wconf 85' lang='lat' dir='ltr'>Quadrupedesque</span> <span class='ocrx_word' id='word_1_212' title='bbox 441 3145 569 3207; x_wconf 91' lang='lat' dir='ltr'>hominis</span> <span class='ocrx_word' id='word_1_213' title='bbox 593 3163 660 3206; x_wconf 92' lang='lat' dir='ltr'>cum</span> <span class='ocrx_word' id='word_1_214' title='bbox 682 3154 804 3223; x_wconf 91' lang='lat' dir='ltr'>pectore</span> <span class='ocrx_word' id='word_1_215' title='bbox 827 3152 947 3224; x_wconf 89' lang='lat' dir='ltr'>pectora</span> 
     </span>
    </p>

    <p class='ocr_par' dir='ltr' id='par_1_11' title="bbox 638 3235 772 3308">
     <span class='ocr_line' id='line_1_33' title="bbox 638 3235 772 3308; baseline 0 -16"><span class='ocrx_word' id='word_1_216' title='bbox 638 3235 772 3308; x_wconf 85' lang='lat' dir='ltr'>iunctos,</span> 
     </span>
    </p>

    <p class='ocr_par' dir='ltr' id='par_1_12' title="bbox 147 3320 1039 3576">
     <span class='ocr_line' id='line_1_34' title="bbox 148 3320 958 3400; baseline -0.002 -20"><span class='ocrx_word' id='word_1_217' title='bbox 148 3320 427 3400; x_wconf 84' lang='lat' dir='ltr'>Tergemiuumque.</span> <span class='ocrx_word' id='word_1_218' title='bbox 440 3322 536 3383; x_wconf 86' lang='lat' dir='ltr'>virum</span> <span class='ocrx_word' id='word_1_219' title='bbox 559 3320 815 3397; x_wconf 88' lang='lat' dir='ltr'>tergeminumque</span> <span class='ocrx_word' id='word_1_220' title='bbox 838 3335 958 3398; x_wconf 90' lang='lat' dir='ltr'>canem,</span> 
     </span>
     <span class='ocr_line' id='line_1_35' title="bbox 148 3404 1039 3489; baseline -0.003 -21"><span class='ocrx_word' id='word_1_221' title='bbox 148 3407 336 3489; x_wconf 89' lang='lat' dir='ltr'>Sphingaque</span> <span class='ocrx_word' id='word_1_222' title='bbox 360 3417 390 3469; x_wconf 89' lang='lat' dir='ltr'>et</span> <span class='ocrx_word' id='word_1_223' title='bbox 412 3407 554 3489; x_wconf 76' lang='lat' dir='ltr'>Harpyias</span> <span class='ocrx_word' id='word_1_224' title='bbox 579 3404 1039 3486; x_wconf 86' lang='lat' dir='ltr'>serpentipedesqueGigantes,</span> 
     </span>
     <span class='ocr_line' id='line_1_36' title="bbox 147 3494 911 3576; baseline 0 -21"><span class='ocrx_word' id='word_1_225' title='bbox 147 3494 411 3574; x_wconf 86' lang='lat' dir='ltr'>Centimanumque</span> <span class='ocrx_word' id='word_1_226' title='bbox 435 3496 514 3576; x_wconf 75' lang='lat' dir='ltr'>Gyan</span> <span class='ocrx_word' id='word_1_227' title='bbox 539 3494 776 3574; x_wconf 87' lang='lat' dir='ltr'>semibovemque</span> <span class='ocrx_word' id='word_1_228' title='bbox 798 3496 911 3555; x_wconf 83' lang='lat' dir='ltr'>uirum.</span> 
     </span>
    </p>
   </div>
   <div class='ocr_carea' id='block_1_5' title="bbox 0 0 1198 3892">
    <p class='ocr_par' dir='ltr' id='par_1_13' title="bbox 0 0 1198 3892">
     <span class='ocr_line' id='line_1_37' title="bbox 0 0 1198 3892; baseline 0 0"><span class='ocrx_word' id='word_1_229' title='bbox 0 0 1198 3892; x_wconf 95' lang='lat' dir='ltr'> </span> 
     </span>
    </p>
   </div>
   <div class='ocr_carea' id='block_1_6' title="bbox 209 3772 268 3860">
    <p class='ocr_par' dir='ltr' id='par_1_14' title="bbox 209 3772 268 3860">
     <span class='ocr_line' id='line_1_38' title="bbox 209 3772 268 3860; baseline 0.017 -1"><span class='ocrx_word' id='word_1_230' title='bbox 209 3772 268 3860; x_wconf 64' lang='lat' dir='ltr'><em>A</em></span> 
     </span>
    </p>
   </div>
  </div>
 </body>
</html>
