2386 3892
91 163 144 217 XII

180 328 262 387 Haeo
280 328 350 403 quia
368 327 584 403 propemodum
603 326 701 385 omnia
719 326 750 383 in
768 326 830 402 illo,
848 326 884 383 de
904 345 961 401 quo
976 345 1069 386 exors

92 436 170 492 sum,
198 417 262 476 loco
286 416 559 491 deprehenduntur,
586 415 732 473 librorum
754 415 886 490 ipsorum
909 414 985 473 hanc
1009 416 1069 474 inte

90 505 250 580 polationis
269 503 515 580 significationem
529 502 617 562 dixi·
647 505 766 561 tantum
781 503 816 560 de
835 505 1025 576 pentametro
1038 507 1069 562 1Ξ

92 593 241 653 avidentia
268 611 370 650 eorum
397 592 481 651 nulla
509 593 586 665 erat,
614 608 704 665 quam
732 590 900 665 opinionem
922 592 1022 665 posui,
1052 611 1069 650 a

92 681 230 739 minioulo
258 680 355 739 utitur
382 698 497 753 corum,
525 696 601 754 quae
625 683 797 753 sequuntur.
849 678 992 752 siquando
1022 681 1069 738 eiu

92 759 170 827 dem'
186 768 267 827 modi
292 768 434 826 iudicium
459 765 616 825 ferendum
644 766 696 837 sit,
730 766 765 824 de
793 765 884 824 simili
910 767 1069 826 firmamen

91 856 307 932 providendum
330 856 395 916 erit.

179 943 329 1003 Versuum
357 944 543 1020 singulorum
570 943 692 1001 lacunae
719 943 752 1001 in
779 943 927 1001 codicibus
952 945 1026 1003 satis
1049 965 1069 1004 v

92 1033 183 1092 tustis
210 1033 299 1108 longe
327 1035 396 1090 sunt
422 1031 651 1107 frequentioreS,
683 1049 773 1105 quam
800 1033 1016 1107 expectaveris,
1049 1053 1067 1090 u

92 1125 187 1179 metro
221 1120 350 1196 elegiaco
382 1119 573 1178 librariorum
600 1119 752 1177 adcuratio
781 1121 943 1177 sustentari
970 1123 1069 1195 potera

93 1209 145 1268 sed
169 1209 267 1284 aliquo
281 1212 415 1283 tempore
435 1209 504 1265 ante
524 1207 674 1266 saeculum
692 1225 713 1264 x
732 1210 846 1265 certum
864 1210 910 1265 est
929 1208 1069 1267 Fastorur

93 1298 297 1371 Ponticorum,
331 1295 474 1355 Tristium
505 1296 598 1354 libros
629 1295 824 1369 pentametris
856 1313 916 1353 non
945 1297 1069 1356 subduci

93 1387 218 1461 scriptos
245 1385 346 1445 fuisse.
400 1383 452 1460 qui
479 1401 582 1443 versus
609 1383 799 1460 neglegentia
822 1383 986 1442 scribarum
1009 1386 1069 1444 inte

92 1473 241 1549 ciderunt,
269 1472 394 1530 saeculis
423 1471 491 1528 inde
519 1471 557 1529 ab
584 1483 622 1528 x1
644 1470 725 1528 haud
750 1471 795 1529 ita
821 1471 921 1546 inepto
948 1472 1069 1531 interdu

93 1561 224 1636 suppleti
260 1560 457 1634 reperiuntur.
517 1559 646 1617 alterum
682 1577 775 1634 genus
813 1562 859 1617 est
895 1577 1011 1634 eorum,
1050 1582 1069 1636 q

93 1650 160 1707 labo
184 1649 285 1722 aliqua
307 1647 417 1706 veteris
440 1645 595 1721 archetypi
614 1647 765 1721 absumpti
782 1647 912 1720 fuerunt,
936 1648 972 1706 de
991 1650 1069 1723 quibs

94 1737 156 1795 sine
180 1735 293 1794 idoneis
317 1734 499 1812 argumentis
527 1734 696 1793 coniectura
718 1754 777 1793 non
800 1738 848 1793 est
870 1735 1025 1810 capienda:
1055 1742 1069 1796 t

93 1843 162 1882 men
185 1824 323 1899 quinque,
346 1841 422 1897 quae
444 1841 561 1898 ponam,
585 1824 720 1898 exempla
738 1823 896 1881 collineare
916 1823 954 1881 ad
973 1825 1037 1884 eius
1057 1846 1069 1883 1

18 1915 20 1919 '
93 1913 125 1970 in
147 1911 231 1970 Ibide
255 1911 382 1986 speciem
403 1911 621 1969 informandam
644 1911 820 1986 putaverim.

183 1999 218 2058 V.
243 2001 307 2059 374
335 2001 384 2071 qai
407 2004 478 2058 tecto
500 2001 657 2058 Intrarunt
679 2017 779 2059 caecae
800 2017 858 2058 non
879 2002 1028 2060 redeundo
1051 2005 1069 2061 d

94 2107 158 2147 mus
181 2087 296 2163 pridem
310 2087 473 2146 Schradero
496 2087 657 2162 displicuit.
711 2093 782 2147 tecta
800 2105 900 2146 coccae
918 2091 1020 2148 domos
1034 2110 1069 2148 cu

93 2195 185 2235 versu
211 2174 489 2250 Metamorphoseon
512 2174 587 2233 VIII
612 2177 674 2234 153
703 2175 892 2234 mediocriter
919 2178 1069 2252 conspirar

94 2267 169 2323 tecto
194 2265 252 2322 'noa
274 2265 421 2323 redeundo
440 2263 513 2322 satis
531 2263 690 2323 infeliciter
710 2264 868 2322 imitantur
890 2268 1069 2326 taremcobttc

95 2370 221 2411 errorem
243 2351 370 2427 Vergilii
392 2351 420 2408 V
444 2353 521 2410 591:
548 2354 635 2426 putes
663 2353 701 2411 ab
725 2353 780 2411 hoc
808 2353 927 2411 homine
956 2359 1032 2413 torta
1060 2376 1069 2414 r

95 2442 210 2501 dcundo
238 2458 274 2499 ex
300 2439 473 2515 Vergiliano
500 2440 663 2499 Parietibus
695 2445 801 2499 tertam
826 2444 881 2499 tter
914 2442 976 2501 589
1012 2444 1069 2501 sori

94 2530 235 2604 potuisse.
287 2528 401 2588 Neuius
434 2528 470 2586 de
502 2527 650 2586 locutione
679 2525 824 2587 Ovidicna
850 2546 910 2586 non
937 2528 1069 2590 dubitavi

95 2617 214 2691 scripsit
237 2617 362 2675 similem
386 2617 442 2691 eie,
466 2616 502 2674 de
525 2615 633 2690 quibus
655 2628 681 2674 11
704 2636 752 2691 pp.
777 2619 841 2677 260
866 2618 928 2675 261
954 2637 1067 2693 exposu

95 2704 179 2763 cuius
197 2703 278 2761 modi
297 2704 376 2779 apud
391 2703 530 2762 Ovidium
549 2707 620 2763 sunt
638 2709 748 2764 cessata
766 2705 1021 2778 soporamur
1039 2711 1069 2766 61

95 2795 126 2851 et
149 2810 222 2851 orco
235 2791 316 2850 Fast.
330 2791 392 2849 IIII
408 2793 480 2866 617,
495 2795 585 2851 errati
598 2795 664 2866 apri
682 2793 762 2851 Fast.
781 2793 827 2851 ΙΙΙ
843 2795 916 2867 655,
930 2798 1025 2853 terroe
1040 2796 1069 2853 II

97 2881 175 2951 673,
206 2880 384 2938 redundatas
415 2897 507 2952 aquae
529 2879 572 2938 VI
596 2883 659 2939 422
684 2880 773 2940 Trist.
797 2880 844 2938 III
867 2894 891 2939 x
914 2883 972 2955 52,
1003 2882 1069 2955 Opb<

97 2968 243 3026 conlatata
261 2966 341 3026 Fast.
361 2966 405 3024 VI
427 2970 498 3027 136.
548 2968 717 3043 putaverim
740 2970 862 3028 ethaeo
882 2970 955 3027 satis
974 2970 1069 3028 differi

95 3073 150 3113 noo
163 3073 238 3130 quae
253 3055 386 3130 proxime
400 3056 518 3132 paginis
533 3059 676 3132 quattuor
689 3056 868 3116 doctissimis
882 3064 1069 3132 percensenti

96 3143 253 3219 quicquam
284 3143 432 3211 conferre,
463 3147 584 3219 praeter
614 3144 752 3204 fortassis
779 3145 867 3219 illud,
899 3145 977 3221 quod
1006 3148 1069 3205 Plin

96 3231 221 3306 placuit,
248 3231 316 3291 Nat.
341 3233 368 3293 h.
391 3231 518 3290 XXXVI
543 3233 607 3291 104
635 3232 671 3290 de
694 3233 768 3290 urbe
791 3234 886 3291 Roma
912 3252 966 3307 per
989 3237 1069 3293 cloao

93 3321 199 3392 pensili
221 3318 301 3377 facta
324 3323 355 3379 ct
377 3323 473 3380 subter
494 3323 646 3392 barbota:
674 3338 742 3378 nam
765 3323 865 3381 urbem
886 3325 1024 3395 aootport
1046 3342 1069 3380 n·

96 3407 190 3465 multo
214 3407 395 3466 commodius
418 3408 476 3466 dici
499 3425 575 3482 reor,
598 3426 687 3482 quam
711 3409 827 3468 dorrarm
844 3426 902 3468 non
920 3412 1069 3471 redeundo

96 3494 296 3570 stribliginem
317 3495 513 3554 manifestam.
