2386 3892
88 187 132 251 44
504 186 675 238 TRISTIUM

178 352 305 413 Saevum
327 350 487 430 praelustri
511 349 623 411 tulmen
646 349 682 410 ab
705 350 773 429 igne
796 350 894 411 venit.

178 440 264 517 [Nam
288 457 466 519 quamquam
494 438 549 499 soli
576 445 702 517 possunt
728 437 870 516 prodesse
893 445 1050 520 potentes,

176 528 242 588 Non
265 530 360 605 prosit
382 529 505 607 potius,
528 525 689 604 plurimum
713 524 817 586 obesse
840 533 940 605 potest
950 526 972 604 .]

175 615 287 694 Ellngit
309 614 449 676 hibernas
473 614 600 675 demissa
624 621 760 676 antemna
783 612 947 694 procellas,

133 716 167 765 10
182 703 312 782 lataque
335 703 403 782 plus
426 704 525 780 parvis
549 702 612 762 vela
635 703 752 762 timoris
774 701 901 762 habent.

175 791 314 872 Aspicis,
336 799 372 852 ut
393 808 508 851 summa
531 798 633 851 cortex
656 789 730 850 levis
753 791 867 850 innatet
889 789 987 870 unda,

176 879 250 941 Cum
274 897 362 958 grave
385 895 461 940 nexa
484 878 571 939 simul
595 879 669 938 retia
693 884 808 957 mergat
830 875 933 939 onus?

174 968 254 1029 Haec
278 985 332 1046 ego
356 969 382 1027 si
405 969 534 1026 monitor
558 967 687 1027 monitus
711 967 795 1044 prius
818 967 882 1044 ipsc
906 965 1049 1047 inissem,

175 1056 210 1116 ln
233 1072 292 1133 qua
315 1053 481 1134 debebam,
504 1054 628 1115 forsitan
651 1050 730 1114 Urbe
753 1055 866 1114 iorem.

128 1153 160 1202 15
175 1143 252 1204 llum
275 1149 374 1203 tecum
398 1143 457 1201 vixi
469 1187 478 1220 ,
501 1140 571 1202 dum
594 1159 641 1201 me
665 1141 737 1201 levis
760 1158 831 1201 aura
855 1141 986 1221 ferebat,
1040 1171 1042 1174 >

174 1231 254 1291 llaec
277 1247 342 1290 mea
364 1247 419 1309 per
442 1228 571 1308 placidas
595 1228 701 1308 cumba
724 1231 860 1291 cucurrit
883 1248 994 1308 aquas.

176 1319 235 1390 Qui
253 1319 331 1379 cadit
349 1320 380 1378 in
398 1316 486 1396 plano
500 1365 509 1398 ,
525 1350 562 1360 —
584 1319 633 1377 vix
647 1316 703 1377 hoc
718 1323 816 1377 tamen
831 1321 929 1379 evenit
943 1321 1043 1399 ipsum
1057 1351 1092 1362 -

176 1407 225 1468 Sic
249 1406 348 1487 cadit,
371 1414 406 1467 ut
428 1412 505 1467 tacta
529 1423 651 1484 surgere
675 1407 771 1482 possit
792 1405 900 1468 humo:

57 1512 59 1519 ·
175 1495 213 1554 At
236 1497 327 1554 miser
349 1493 481 1571 Elpenor
502 1497 584 1554 tecto
608 1492 746 1571 delapsus
769 1492 806 1554 ab
829 1492 887 1554 alto

127 1593 161 1643 20
176 1582 316 1643 Occurrit
338 1584 403 1659 regi
426 1580 530 1642 debilis
553 1580 658 1642 umbra
681 1599 753 1642 suo.

175 1669 253 1741 Quid
276 1669 333 1730 luit
345 1716 354 1749 ,
376 1678 412 1728 ut
433 1677 513 1730 tutas
536 1671 660 1748 agitaret
683 1668 827 1729 Daedalus
850 1669 928 1750 alas,

174 1757 276 1817 lcarus
299 1759 448 1817 inmensas
472 1758 591 1817 nomine
614 1759 712 1835 signet
734 1753 851 1837 aquas?

175 1844 287 1924 Nempe
311 1844 390 1924 quod
412 1845 461 1904 hic
485 1843 565 1925 alte,
589 1845 747 1906 demissius
771 1843 820 1904 ille
844 1844 976 1926 volabat3

173 1933 248 1993 Nam
270 1950 382 2011 pennas
407 1931 492 1992 ambo
515 1949 575 1993 non
597 1932 729 1993 habuere
752 1949 837 1992 suas,

126 2031 160 2081 25
176 2019 270 2081 Crede
294 2020 388 2100 mihi,
412 2019 487 2081 bene
512 2023 563 2098 qui
586 2018 692 2100 latuit,
715 2020 790 2081 bene
815 2021 909 2101 vixit,
933 2030 963 2082 et
984 2023 1060 2083 intra

174 2108 335 2168 Fortunam
358 2107 447 2168 debet
470 2110 596 2186 quisque
620 2125 739 2168 manere
762 2124 863 2169 suam.

174 2195 241 2256 Non
264 2195 342 2256 soret
364 2195 513 2256 Eumedes
536 2195 649 2275 orbus,
675 2198 701 2256 si
723 2195 802 2256 tilius
825 2198 891 2257 eius

176 2282 291 2344 Stultus
313 2282 461 2345 Achilleos
484 2301 544 2344 non
567 2284 731 2344 adamasset
754 2302 864 2364 equos3

175 2370 236 2432 Nec
259 2379 361 2433 natum
384 2374 416 2432 in
438 2371 553 2432 llamma
576 2372 698 2433 vidisset
710 2419 719 2453 ,
742 2373 773 2432 in
797 2371 903 2433 arbore
926 2381 1024 2454 natas,

126 2458 309 2539 accepisset
331 2463 447 2540 genitor
470 2463 496 2520 si
519 2459 702 2519 Phaethonta
723 2458 871 2538 Merops„

175 2546 221 2609 Tu
244 2566 363 2628 quoque
387 2548 512 2608 formida
535 2549 659 2608 nimium
682 2545 819 2608 sublimia
843 2565 977 2630 semper,

174 2634 405 2716 Propositique,
428 2652 558 2713 precor,
581 2634 722 2696 contrahe
745 2635 809 2695 vela
832 2638 894 2697 tui.

173 2722 247 2782 Nam
270 2724 346 2802 pede
369 2724 513 2783 inoffenso
536 2725 664 2800 spatium
687 2722 848 2784 decurrere
872 2726 947 2786 vitae

174 2809 287 2888 Dignus
311 2828 344 2870 es
367 2818 397 2872 et
419 2810 479 2870 lato
503 2811 673 2871 candidiore
696 2811 775 2872 lrui.

126 2909 161 2959 35
176 2896 257 2967 Quae
280 2915 335 2976 pro
358 2905 387 2958 te
410 2907 445 2958 ut
466 2915 608 2979 voveam,
631 2900 697 2958 miti
720 2899 829 2976 pietate
853 2901 977 2960 mereris

174 2983 365 3064 Haesuraque
389 2985 446 3046 fide
470 2993 587 3064 tempus
610 2989 641 3047 in
665 3004 752 3046 omne
775 2986 865 3048 mihi.

174 3072 241 3133 Vidi
264 3090 317 3152 ego
341 3082 371 3134 te
395 3074 446 3134 tali
469 3073 551 3134 vultu
575 3091 639 3135 mea
662 3074 720 3134 lata
743 3082 929 3156 gementem,

174 3161 296 3232 Qualem
320 3161 460 3222 credibile
484 3169 530 3222 est
552 3179 604 3222 ore
627 3162 720 3223 luisse
743 3180 828 3225 meo.

174 3249 281 3310 Nostra
305 3257 371 3310 tuas
394 3249 455 3311 vidi
477 3248 612 3310 lacrimas
636 3267 727 3328 super
750 3267 802 3309 ora
826 3250 982 3330 cadentes,

124 3347 159 3398 40
173 3336 320 3416 Tempore
343 3355 417 3416 quas
441 3354 499 3398 uno
523 3337 639 3417 fidaque
662 3336 752 3398 verba
775 3336 855 3398 bibi.

172 3424 258 3485 Nunc
282 3443 401 3504 quoqne
425 3432 605 3486 summotum
629 3425 727 3486 studio
751 3425 886 3488 delendis
908 3427 1043 3499 amicum,

172 3511 211 3572 Et
233 3511 309 3573 mala
331 3514 380 3573 vix
404 3511 463 3574 ulla
484 3521 569 3593 parte
592 3512 714 3575 levanda
737 3512 833 3575 levas.
