2386 3892
441 190 461 241 Ι.
482 189 605 239 sot-11.
621 191 644 240 4.

125 351 226 412 Gratia
249 352 295 412 dis
319 352 478 430 domuique
503 359 593 432 tuae,
616 351 737 430 religata
762 353 873 412 catenis

171 440 346 519 Iampridem
370 449 468 500 vestro
493 439 548 499 sub
572 439 646 518 pede
670 439 745 500 bella
769 442 882 500 iacent.

127 527 189 588 Sub
213 531 279 605 iuga
304 527 358 588 bos
382 530 500 606 veniat,
524 527 579 587 sub
603 536 698 587 terras
722 545 822 588 semen
847 535 959 590 aretas.

170 615 229 675 Pax
253 616 391 677 Cererem
415 617 532 695 nutrit,
556 617 637 694 pacis
660 615 776 675 alumna
800 615 907 677 Ceres.

295 753 346 816 11.
371 750 427 834 oo
472 752 524 817 11.
548 749 610 816 oo
655 750 789 817 2110
814 842 818 847 .

61 882 166 941 115111
190 897 264 958 qnae
288 887 427 939 venturas
450 877 609 958 praecedet
632 886 713 939 sexta
737 878 898 959 Kalendas,

173 967 234 1026 llac
258 976 326 1027 sunt
349 967 472 1027 Ledaeis
496 966 604 1045 templa
627 967 723 1027 dicata
746 966 825 1027 deis.

127 1054 281 1116 Fratribus
305 1055 352 1114 illa
376 1055 439 1115 deis
463 1055 570 1115 iratres
594 1055 630 1114 dc
653 1063 741 1133 gente
764 1055 888 1115 deorum

172 1142 255 1203 Circa
278 1142 419 1204 luturnae
443 1160 637 1221 composuere
660 1142 759 1204 lacus.
827 1196 835 1205 .

373 1280 425 1344 30.
448 1277 525 1344 ΡΝ)
576 1280 627 1344 31.
652 1277 711 1343 GC

129 1406 229 1485 Ipsum
254 1424 308 1467 nos
332 1424 450 1467 carmen
475 1406 596 1467 deduxit
619 1405 703 1465 Pacis
727 1404 761 1464 ad
786 1422 882 1465 aram.

60 1506 114 1556 '110
175 1494 253 1555 llaec
277 1496 334 1555 1111
357 1513 373 1554 1
395 1496 505 1555 mensis
529 1494 586 1554 fine
610 1492 739 1554 secunda
763 1493 843 1553 dies.

128 1581 296 1642 Frondihus
319 1583 446 1643 Actiacis
470 1589 603 1661 comptos
627 1581 761 1642 redimita
786 1580 906 1658 capillos

174 1669 233 1729 Pax
257 1671 348 1750 ades,
372 1678 402 1730 ct
424 1678 486 1730 toto
511 1671 590 1730 mitis
613 1672 642 1730 in
667 1669 739 1730 orbe
763 1687 864 1729 mane.

129 1757 204 1818 llum
229 1757 326 1818 desint
348 1758 471 1838 hostes,
496 1758 572 1818 desit
595 1775 713 1836 qnoque
737 1775 825 1818 causa
848 1754 1009 1835 triumphi:

173 1846 219 1905 To
243 1845 369 1906 ducibus
392 1845 468 1906 bello
492 1846 583 1923 gloria
607 1848 699 1906 maior
724 1848 799 1906 eris.

62 1946 114 1995 tto
132 1933 199 1994 Sola
223 1942 306 2012 gerat
328 1935 412 1994 miles
436 1934 544 2012 quibus
568 1951 647 1994 arma
671 1943 829 2014 coerceat,
852 1951 948 2012 arma,

174 2021 375 2100 Canteturque
399 2023 461 2082 lera
485 2022 526 2082 nil
549 2023 606 2083 nisi
629 2038 735 2101 pompa
758 2020 847 2082 tuba.

131 2109 258 2170 Horreat
280 2110 431 2170 Aeneadas
455 2118 485 2170 11
507 2112 621 2189 primns
645 2118 675 2170 11
697 2110 819 2170 ultimus
842 2107 941 2169 orbis:

176 2197 266 2275 Siqua
289 2215 393 2275 parum
417 2197 539 2257 Romam
562 2206 642 2258 terra
665 2197 808 2276 timebat,
833 2205 927 2257 amet.

132 2285 211 2345 'lura
224 2333 233 2365 ,
257 2285 448 2364 sacerdotes,
471 2285 624 2346 Pacalibus
647 2284 744 2345 addite
767 2285 910 2365 dammis,

64 2388 118 2435 720
178 2372 308 2452 Albaque
331 2374 450 2451 perfusa
474 2375 591 2434 victima
615 2373 712 2432 fronte
736 2371 835 2432 cadat.

133 2461 231 2540 thue
256 2461 383 2543 domus,
407 2479 480 2539 qnae
504 2467 634 2540 praestat
656 2478 720 2519 earn
733 2507 742 2540 ,
766 2476 833 2520 cum
856 2477 928 2538 pace

677 2556 838 2627 perennet,

176 2636 219 2696 rld
243 2639 291 2714 pia
313 2654 477 2715 propensos
500 2644 565 2697 vota
588 2644 689 2715 rogate
713 2635 800 2698 deos.

132 2723 190 2784 Sed
214 2726 272 2783 iam
295 2727 390 2804 prima
413 2727 471 2785 mei
494 2742 562 2803 pars
586 2732 633 2784 est
655 2731 756 2783 exacta
778 2723 905 2803 laboris,

177 2811 310 2890 Cumque
334 2829 387 2873 suo
412 2813 501 2872 linem
525 2830 625 2872 mense
649 2810 765 2872 libellus
788 2810 894 2872 habet.

341 3069 480 3151 LIBER
508 3067 759 3153 SECUNDUS.

1006 3187 1051 3239 (⁸⁴)

132 3251 221 3312 lanus
245 3251 334 3312 habet
356 3252 466 3311 finem.
509 3269 576 3312 cum
600 3250 730 3310 carmine
754 3247 862 3308 crescit
886 3253 915 3305 et
938 3262 1050 3307 annus:

179 3340 260 3399 Alter
283 3347 317 3400 ut
340 3338 388 3398 hic
411 3340 543 3417 mensis,
567 3339 609 3398 sic
632 3334 707 3395 liber
730 3332 804 3396 alter
827 3343 892 3394 eat.

132 3427 219 3488 Nunc
243 3431 371 3505 primum
393 3424 488 3504 velis,
513 3425 610 3503 elegi,
632 3420 793 3483 maioribus
815 3424 883 3484 itis:

179 3514 348 3592 Exiguum,
371 3514 513 3592 memini,
537 3528 632 3590 nuper
656 3512 745 3571 cratis
768 3530 859 3593 opus.
