2386 3892
465 211 514 260 111.
532 213 680 263 406-470.
1008 209 1071 274 271

158 371 293 432 Fulmina
316 381 384 450 post
407 390 493 433 ausos
517 372 630 433 caelum
654 372 801 435 adfectare
825 373 963 453 Gigantes
1031 387 1073 436 001

88 472 142 520 440
204 460 325 538 Sumpta
349 459 430 520 lovi.
471 462 567 538 primo
590 470 723 540 tempore
747 464 869 523 inermis
892 471 972 524 erat.

159 545 292 627 [ignibus
318 547 391 608 Ossa
414 550 497 608 novis
521 556 551 609 et
572 548 675 609 Pelion
698 550 784 611 altius
808 550 881 612 Ossa

201 637 281 696 Arsit
304 643 334 696 et
357 638 388 696 in
412 636 503 696 solida
527 637 602 697 fixus
626 635 766 716 Olympus
789 637 912 716 humo]

157 723 220 783 Stat
244 742 361 802 quoque
385 742 472 803 capra
492 723 598 785 simul.
635 726 779 804 nymphae
797 729 911 805 pavisse
935 727 1072 788 feruntur

200 811 333 872 Cretides
346 858 355 890 ‚
378 812 483 872 inlanti
506 811 550 871 lac
574 811 655 872 dedit
678 811 726 874 illa
748 813 825 875 lovi.

87 911 139 959 440
155 899 240 959 Nunc
265 918 353 960 vocor
376 899 411 959 ad
436 918 564 960 nomen.
606 901 763 979 vegrandia
787 903 864 962 larra
886 901 1007 962 colonae

201 987 280 1057 Quae
304 986 379 1048 male
402 996 582 1069 creverunt,
607 1005 750 1068 vescaque
773 1007 862 1069 parva
884 1000 1006 1050 vocant.

156 1074 205 1134 Vis
228 1093 262 1135 ea
285 1078 310 1135 si
333 1074 415 1136 verbi
439 1086 505 1156 est,
529 1093 583 1136 cur
607 1094 666 1137 non
689 1093 743 1155 ego
767 1075 903 1138 Vediovis
926 1078 1027 1139 aedem

200 1163 310 1223 Aedem
332 1182 391 1224 non
416 1167 512 1242 magni
536 1167 670 1243 suspicer
693 1183 758 1226 esse
781 1161 883 1227 lovis?

156 1250 276 1328 lamque
299 1250 350 1311 ubi
374 1252 542 1312 caeruleum
566 1251 721 1313 variabunt
743 1252 840 1314 sidera
863 1252 994 1333 caelum,

88 1351 141 1399 450
202 1338 345 1416 Suspice:
379 1338 526 1417 Gorgonei
549 1338 622 1399 colla
645 1340 757 1400 videbis
781 1343 868 1420 equi.

157 1425 295 1487 Creditur
318 1426 366 1487 bic
390 1445 474 1487 caesa
496 1426 632 1505 gravidae
656 1430 770 1489 cervice
793 1428 931 1489 Medusae

203 1513 350 1593 Sanguine
375 1518 520 1593 respersis
543 1513 716 1593 prosiluisse
739 1516 834 1577 iubis,

158 1601 233 1662 Huic
258 1621 347 1680 supra
371 1602 465 1664 nubes
489 1612 518 1664 et
542 1601 645 1664 subter
668 1603 764 1665 sidera
787 1604 868 1684 lapso

201 1690 319 1750 Caelum
342 1709 397 1769 pro
421 1699 523 1770 terra,
545 1708 600 1769 pro
622 1691 698 1770 pede
720 1694 809 1772 pinna
833 1693 905 1774 luit,

87 1778 277 1856 4551501000
299 1780 463 1857 indignanti
486 1797 560 1840 nova
583 1778 666 1845 frena
689 1788 843 1859 receperat
865 1798 934 1862 ore,

202 1865 274 1924 Cum
297 1865 368 1926 levis
391 1867 499 1927 Aonias
523 1866 631 1946 ungula
655 1868 729 1929 lodit
751 1887 858 1948 aquas.

157 1953 241 2012 Nunc
265 1954 374 2015 fruitur
397 1954 477 2015 caelo
490 2000 499 2032 ‚
523 1955 602 2033 quod
625 1957 723 2036 pinnis
746 1965 813 2018 ante
835 1957 972 2036 petebat,

200 2040 237 2100 Et
260 2041 370 2102 nitidus
394 2041 486 2103 stellis
510 2045 641 2122 quinque
664 2044 826 2123 decemque
849 2048 954 2106 micat.

154 2128 295 2188 Protinus
319 2132 444 2207 aspicies
467 2133 596 2192 venienti
618 2140 706 2193 nocte
729 2132 874 2194 Coronam

87 2229 141 2277 400
201 2216 349 2276 Gnosida.
391 2217 505 2278 Theseo
529 2221 652 2280 crimine
677 2219 751 2281 15015
775 2221 828 2281 dea
851 2230 913 2282 est.

155 2305 214 2364 lam
238 2303 314 2364 bene
337 2307 457 2383 periuro
480 2315 608 2368 mutarat
630 2310 754 2387 coniuge
778 2307 942 2387 Bacchum,
1025 2321 1070 2373 0⁴)

200 2393 280 2463 Quae
304 2392 385 2454 dedit
406 2395 522 2472 ingrato
545 2395 591 2455 tila
614 2395 736 2474 legenda
760 2397 839 2455 viro.

156 2480 241 2540 Sorte
267 2483 322 2541 tori
346 2481 477 2560 gaudens
500 2477 587 2561 ‘quid
610 2482 715 2544 llebam
739 2485 849 2545 rustica
859 2477 890 2543 ?'
915 2483 987 2545 dixit

200 2563 332 2629 ‘Utiliter
356 2567 441 2630 nobis
463 2571 593 2648 pertidus
615 2571 664 2631 ille
687 2566 775 2631 luit.’

87 2668 139 2716 455
154 2657 270 2717 interea
293 2656 382 2718 Liber
406 2657 533 2737 depexos
556 2658 689 2720 crinibus
713 2658 800 2719 lndos

199 2743 296 2825 Vicit,
319 2757 349 2806 01
372 2764 425 2806 000
449 2746 529 2807 dives
553 2746 589 2806 ab
613 2746 684 2807 orbe
708 2746 801 2808 redit.

154 2834 235 2892 lnter
259 2837 385 2911 captivas
410 2833 482 2894 facie
506 2842 673 2912 praestante
696 2834 809 2914 puellas

198 2921 286 2981 Grata
309 2923 396 2982 nimis
420 2921 534 2982 Baccho
557 2921 616 2982 tilia
639 2925 718 3000 regis
741 2932 821 2985 erat.
887 2928 889 2931 ’

153 3008 254 3069 Flebat
277 3027 377 3070 amans
400 3012 549 3070 coniunx.
591 3012 772 3090 spatiataque
796 3011 881 3072 litore
905 3027 995 3071 curvo

87 3109 138 3157 470
197 3096 297 3158 Edidit
318 3097 438 3158 incultis
462 3097 528 3158 15115
552 3097 640 3159 verba
663 3102 773 3160 comis:

153 3180 214 3243 ‘En
237 3188 368 3264 iterum,
391 3185 521 3266 lluctus,
544 3187 649 3247 similis
672 3185 771 3246 audite
794 3182 957 3263 querellasl

196 3272 239 3332 En
264 3275 372 3334 iterum
396 3274 530 3335 lacrimas
553 3277 675 3353 accipe,
698 3272 829 3351 harena,
853 3269 949 3331 meas!

152 3358 313 3435 Dicebam,
336 3363 479 3440 memini,
503 3357 650 3438 “periure
674 3368 704 3419 et
725 3358 837 3438 perllde
861 3357 996 3420 Theseu!
1004 3355 1026 3383 ''

196 3448 246 3508 llle
270 3448 363 3528 abiit,
386 3448 487 3523 eadem
511 3449 634 3508 crimina
656 3446 789 3507 Bacchus
812 3445 917 3508 habet.

84 3546 135 3595 415
151 3535 237 3603 Nunc
257 3553 374 3614 quoque
390 3530 411 3560 ‘³
419 3535 496 3596 nulla
515 3529 607 3594 viro''
623 3533 752 3595 clamabo
768 3528 904 3597 “femina
925 3531 1066 3597 credat!''
