2386 3892
420 185 453 235 V.
471 195 519 236 ΧΠ
532 187 645 237 s-xm
658 186 683 236 d.

139 348 177 410 Et
199 347 325 408 secunda
348 346 418 406 iacit
439 353 560 424 pectora
583 345 678 406 laudis
700 363 799 406 amor.

139 437 272 497 Nominis
296 443 327 495 et
349 435 442 494 famae
466 434 613 514 quondam
637 433 751 512 fulgore
774 431 931 514 trahebar,

88 539 123 586 40
139 525 213 584 Dum
236 522 305 583 tulit
328 531 479 583 antemnas
503 540 573 583 aura
596 522 725 582 secunda
749 539 845 582 meas.

139 613 204 673 Non
226 611 300 671 adeo
324 619 370 671 est
392 610 468 670 bene
491 627 593 691 nunc,
615 619 650 671 ut
672 612 711 670 sit
734 609 806 670 mibi
828 608 920 687 gioria
947 625 1054 670 curae:

140 699 173 760 Si
194 700 304 778 liceat,
327 698 400 759 nulii
424 700 559 777 cognitus
582 715 648 758 esse
672 698 776 758 veiim.

138 791 183 848 An
206 789 275 866 quia
299 795 455 848 cesserunt
476 789 572 865 primo
594 785 670 846 bene
694 787 845 866 carmina,
868 785 974 846 suades

141 875 302 956 Scribere,
325 892 483 937 successus
506 884 539 936 ut
562 891 670 953 sequar
692 877 756 953 ipse
780 869 888 934 meos?

89 978 126 1025 45
140 964 238 1043 Pace,
260 980 388 1043 norem,
410 972 508 1024 vestra
530 962 617 1022 liceat
640 962 771 1042 dixisse,
794 978 931 1023 sorores:

141 1051 198 1111 Vos
221 1053 294 1111 estis
318 1061 436 1112 nostrae
460 1053 583 1112 maxima
607 1069 695 1113 causa
718 1051 821 1132 fugae.

139 1139 237 1219 thue
260 1139 341 1200 dedit
363 1142 456 1200 iustas
479 1141 557 1201 tauri
579 1139 737 1201 fabricator
760 1141 844 1219 aeni,

141 1228 190 1288 Sic
214 1246 268 1306 ego
292 1227 330 1287 do
353 1246 463 1307 poenas
486 1227 599 1288 artibus
623 1231 686 1307 ipse
708 1229 799 1288 meis.

140 1315 188 1376 Nii
209 1314 283 1376 mibi
307 1315 432 1377 debebat
455 1334 523 1376 cum
546 1315 682 1376 versibus
705 1314 830 1392 amplius
853 1331 937 1394 esse,

63 1418 127 1465 »sc
141 1404 214 1464 Cum
239 1396 396 1486 sugerem,
419 1407 524 1465 merito
547 1404 730 1484 naufragus,
753 1419 839 1462 omne
862 1402 988 1463 fretum.

140 1493 198 1571 At,
221 1499 316 1571 puto,
340 1494 365 1553 si
388 1492 510 1552 demens
534 1493 663 1552 studium
687 1490 772 1552 iataie
796 1497 989 1567 retemptem,

141 1580 196 1640 Hic
220 1580 292 1639 mibi
314 1579 468 1658 praebebit
490 1582 630 1640 carminis
652 1597 732 1640 arma
755 1577 857 1638 locus.

141 1667 207 1728 Non
226 1666 302 1727 iiber
321 1667 368 1728 bic
387 1668 481 1748 relius,
499 1686 574 1748 non,
594 1670 644 1746 qui
662 1668 735 1728 mibi
753 1659 919 1727 com‘modet
938 1682 1055 1744 aurem,

142 1754 296 1834 Verbaque
320 1757 487 1834 significent
510 1754 581 1834 quid
603 1774 691 1834 mea,
714 1758 815 1834 norit,
838 1753 938 1814 adest.

94 1855 127 1902 55
144 1842 249 1903 Omnia
272 1841 424 1904 barbariae
447 1843 511 1904 loca
535 1854 605 1904 sum
627 1846 765 1922 vocisque
789 1844 919 1922 serinac,

142 1930 305 2009 Omniaque
329 1931 444 1992 hostilis
466 1931 551 2010 plena
575 1934 680 1992 timore
704 1933 786 1992 soni.

141 2018 208 2097 Ipse
231 2019 303 2080 mibi
325 2020 427 2080 videor
445 2022 502 2080 iam
526 2020 701 2080 dedidicisse
723 2019 844 2079 Latine:

142 2106 215 2167 Nam
239 2107 328 2167 didici
351 2107 452 2169 Getice
476 2107 696 2186 Sarmaticeque
719 2108 818 2186 loqui.

143 2194 203 2255 Nec
227 2202 346 2275 tamen,
370 2205 403 2257 ut
427 2214 527 2256 verum
552 2198 643 2256 fatear
667 2194 720 2255 ubi
732 2243 742 2276 ,
765 2203 866 2255 nostra
888 2195 984 2254 teneri

96 2282 166 2341 cod
190 2282 392 2361 componendo
416 2287 545 2344 carmine
568 2283 651 2343 Musa
673 2290 787 2361 potest.

144 2369 308 2431 Scribimus
332 2379 361 2431 et
384 2374 511 2449 scriptos
534 2370 716 2430 absumimus
739 2372 807 2448 igne
830 2368 962 2429 libellosz

144 2457 249 2519 Exitus
272 2467 318 2519 est
341 2459 432 2520 studii
454 2477 542 2538 parva
565 2456 661 2518 favilla
684 2459 761 2517 mei.

144 2545 205 2606 Nec
228 2564 348 2625 possum
372 2556 402 2608 et
424 2549 511 2625 cupio
535 2565 594 2607 non
617 2544 714 2605 nullos
737 2544 846 2604 ducere
869 2560 990 2624 versus3

144 2633 268 2694 Ponitur
291 2636 402 2695 idcirco
425 2642 526 2695 noster
548 2637 579 2695 in
602 2636 669 2712 igne
693 2632 793 2712 labor,

99 2732 131 2781 cc
144 2720 205 2782 Nec
228 2724 285 2782 nisi
308 2740 376 2801 pars
400 2740 470 2783 casu
492 2723 617 2783 iiammis
640 2732 741 2802 erepta
764 2719 866 2781 dolove

144 2808 187 2869 Ad
211 2827 262 2870 vos
285 2812 395 2889 ingenii
418 2813 552 2889 pervenit
575 2809 633 2870 ulla
656 2813 731 2871 mei.

146 2896 194 2957 Sic
218 2899 351 2979 utinam,
374 2916 449 2976 quae
472 2899 513 2958 nii
538 2907 719 2960 metuentem
741 2898 799 2960 tale
823 2901 994 2977 magistrum

145 2983 298 3066 Perdidit,
320 2988 351 3046 in
374 2988 490 3046 cineres
513 2987 569 3047 Ars
592 3003 656 3047 mea
680 3005 764 3048 versa
787 2985 881 3047 ioreti

506 3177 603 3250 XIII.

146 3333 227 3396 Hanc
250 3342 320 3396 tuus
343 3354 360 3395 e
383 3334 484 3395 Getico
508 3337 597 3395 mittit
619 3334 673 3394 tibi
696 3332 772 3393 Naso
797 3331 941 3414 salutem,

145 3421 261 3483 Mittere
284 3426 310 3485 si
333 3425 510 3502 quisquam,
533 3441 592 3502 quc
616 3428 697 3481 caret
719 3422 805 3501 ipse,
827 3429 940 3500 potest.

144 3511 240 3587 Aeger
262 3514 341 3571 enim
363 3513 439 3570 traxi
462 3512 596 3587 contagia
619 3525 743 3586 corpore
767 3511 891 3589 mentis,

862 3608 899 3663 7*
