2386 3892
145 175 207 239 122
550 177 600 228 EX
617 175 736 228 PONTO

232 340 305 402 Cum
329 340 406 401 leret
428 339 544 401 Aeneae
568 341 667 400 cervix
690 339 824 403 subiecta
845 339 980 418 parenti,

276 428 391 489 Dicitur
414 430 477 505 ipsa
500 429 563 487 viro
586 428 702 488 ssamma
725 427 841 489 dedisse
865 427 960 487 viam:

184 528 217 577 35
233 516 303 576 Fert
325 515 400 576 liber
422 516 602 595 Aeneaden,
625 523 655 576 et
677 534 737 576 non
760 517 817 575 iter
839 531 927 574 omne
950 508 1087 592 patebit?

278 604 316 664 At
337 606 449 682 patriae
473 611 558 683 pater
579 603 649 682 hic,
674 606 768 683 ipsius
790 601 839 662 ille
862 603 937 663 luit.

232 691 343 770 Ecquis
366 694 406 753 ita
430 699 476 752 est
499 692 615 770 audax,
638 699 672 751 ut
693 691 794 753 limine
818 697 904 769 cegat
926 689 1009 751 abire

277 780 437 841 lactantem
460 779 566 839 Pharia
588 779 703 839 tinnula
726 781 815 839 sistra
836 773 953 838 mauu?

233 869 308 929 Ante
332 868 419 928 deum
442 867 565 927 Matrem
588 884 683 928 cornu
705 866 817 928 tibicen
840 864 956 926 adunco

185 969 219 1018 40
277 956 350 1017 Cum
374 957 454 1016 canit
466 1001 475 1034 ‚
499 957 620 1033 exiguae
643 957 710 1033 quis
734 956 820 1033 stipis
843 970 911 1013 aera
934 947 1046 1032 negat?

235 1043 367 1121 [Scimus
389 1042 425 1102 ab
449 1045 573 1121 imperio
596 1043 660 1102 lieri
684 1041 727 1102 uil
749 1041 806 1102 tale
829 1041 957 1102 Dianae:

279 1130 362 1192 Unde
386 1138 485 1191 tamen
508 1131 606 1211 vivat,
630 1132 805 1191 vaticinator
827 1127 947 1206 habet]

237 1218 315 1299 [Ipsa
339 1225 457 1279 movent
480 1220 593 1278 animos
616 1236 793 1297 superorum
816 1218 939 1278 numina
961 1224 1100 1297 nostros,

279 1307 379 1386 Turpe
401 1324 458 1367 nec
481 1313 527 1366 est
549 1305 599 1366 tali
622 1307 796 1368 credulitate
819 1307 885 1384 capi
895 1302 917 1382 .]

186 1407 220 1457 45
234 1395 301 1475 En,
325 1413 379 1474 ego
402 1413 457 1474 pro
481 1395 569 1455 sistro
592 1392 771 1473 Phrygiique
795 1395 939 1455 foramine
962 1390 1035 1453 buxi
1122 1403 1150 1455 (³)

279 1483 382 1543 Gentis
405 1481 502 1543 luleae
526 1483 644 1542 nemina
667 1490 768 1543 sancta
790 1483 872 1542 lero.

234 1571 385 1632 Vaticincr
407 1588 595 1648 moneoque:
626 1569 725 1631 lucum
747 1570 814 1631 date
838 1586 922 1630 sacra
945 1565 1072 1629 ferentii

278 1657 345 1718 Non
368 1657 440 1717 mihi
453 1704 462 1738 ,
486 1657 538 1717 sed
561 1676 666 1736 magno
690 1661 823 1737 poscitur
845 1656 895 1718 ille
918 1655 993 1717 dec.

234 1745 295 1806 Nec
320 1748 388 1824 quia
412 1745 457 1805 vel
481 1748 599 1826 merui,
621 1745 667 1806 vel
691 1748 771 1806 sensi
794 1745 939 1825 principis
961 1745 1036 1805 iram
1044 1789 1055 1824 ,

189 1846 222 1896 50
280 1835 305 1894 Α
328 1832 414 1894 nohis
436 1835 535 1912 ipsum
557 1833 635 1894 nulle
658 1841 759 1913 putate
783 1832 858 1894 coli.

235 1921 301 1982 Vidi
323 1939 377 2000 ego
400 1920 542 2000 linigerae
565 1939 675 1982 numen
698 1922 822 1984 violasse
845 1921 988 1982 fatentem

279 2009 365 2070 isidis
388 2008 497 2070 Isiacos
520 2017 588 2069 ante
611 2009 715 2071 sedere
738 2009 838 2070 locos.

234 2097 337 2176 Alter,
360 2096 398 2157 ch
422 2099 492 2158 huic
514 2096 639 2158 similem
662 2100 794 2176 privatus
816 2097 928 2158 lumine
952 2094 1090 2178 culpam,

279 2184 428 2246 Clamabat
450 2185 545 2246 media
569 2204 601 2246 se
624 2188 769 2247 meruisse
792 2188 854 2247 via.

189 2285 222 2334 55
237 2273 317 2334 Talia
340 2273 483 2334 caelestes
506 2274 571 2334 fieri
593 2276 751 2352 praeconia
772 2273 919 2353 gaudent,

281 2361 320 2422 Ut
343 2380 395 2423 sua
419 2362 490 2441 quid
513 2362 628 2422 valeant
650 2364 792 2439 numina,
815 2370 892 2423 teste
915 2359 1064 2441 probent.

237 2450 330 2529 Saepe
353 2450 451 2511 levant
473 2468 584 2531 poenas
606 2457 768 2529 ereptaque
791 2449 902 2511 lumina
924 2448 1076 2528 reddunt,

280 2538 354 2599 Cum
378 2538 453 2600 bene
476 2541 591 2617 peceati
613 2540 794 2617 paenituisse
817 2538 935 2599 vident.

236 2626 392 2702 Paenitet,
415 2626 455 2689 o!
488 2629 514 2688 si
538 2627 607 2706 quid
631 2628 810 2688 miserorum
833 2625 966 2687 creditur
988 2623 1064 2707 ulli,

187 2727 221 2776 60
279 2714 435 2795 Paenitet,
459 2723 489 2775 et
512 2716 588 2775 lactc
612 2722 754 2794 torqueor
776 2717 840 2794 ipse
864 2730 948 2775 mec.

237 2801 370 2880 Cumque
394 2805 433 2863 sit
456 2803 598 2883 exilium,
620 2805 713 2880 magis
736 2809 784 2862 est
806 2800 881 2862 mihi
902 2801 990 2879 culpa
1012 2799 1130 2863 dolori:

280 2888 391 2966 Estque
414 2893 474 2968 pati
498 2908 623 2968 poenam
636 2937 645 2971 ,
668 2908 755 2969 quam
779 2892 947 2968 meruisse,
970 2891 1093 2952 miuus.

236 2977 274 3038 Ut
295 2976 369 3037 mihi
392 2977 422 3037 di
445 2979 581 3058 faveant,
605 2978 713 3056 quibus
737 2985 783 3038 est
805 2978 989 3038 manifestior
1011 2979 1100 3056 ipse:

280 3065 380 3125 Poena
403 3072 502 3144 potest
525 3065 625 3146 demi,
649 3065 735 3144 culpa
757 3068 899 3145 perennis
922 3067 997 3127 erit.

188 3166 221 3216 65
237 3153 331 3231 [Mors
353 3154 443 3214 saciet
466 3161 566 3233 certe,
593 3172 631 3214 ne
654 3156 733 3234 sim,
756 3171 824 3214 cum
847 3155 985 3234 venerit,
1007 3153 1099 3215 exul:

280 3241 324 3302 Ne
348 3259 408 3302 nun
431 3243 604 3322 peccarim,
627 3259 708 3302 mors
731 3259 850 3320 quoque
873 3258 934 3301 non
956 3239 1080 3318 faciet]

237 3328 317 3406 [Non
341 3331 432 3408 igitur
455 3331 586 3409 mirum,
610 3332 637 3389 si
659 3347 743 3389 mens
767 3346 832 3390 mea
856 3327 956 3389 tahida
978 3328 1059 3390 lacta

280 3416 321 3477 De
346 3420 413 3478 nive
436 3419 583 3478 manantis
606 3435 689 3477 more
712 3417 859 3495 liquescit,
875 3412 999 3497 aquae]

236 3503 327 3564 Estur
350 3512 385 3565 ut
406 3505 521 3566 occulta
545 3506 644 3565 vitiata
668 3504 801 3566 teredine
825 3507 927 3586 navis,
1130 3515 1158 3562 td
