2386 3892
407 202 438 255 V.
456 213 516 253 xm
528 205 637 253 ΗΠ
651 205 694 253 89.
991 199 1051 264 101
1144 223 1148 230 ·

136 366 182 428 Tu
205 375 305 428 tamen
327 367 446 444 iugenio
469 364 546 425 clara
568 365 665 426 terere
689 382 773 445 meo,

107 455 274 535 aliumque
298 453 402 533 legar,
423 455 535 532 pariter
556 470 673 513 mecum
696 461 748 513 tua
770 453 846 514 lama
868 452 1001 534 legetur,

136 543 199 604 Nec
221 552 308 622 potes
331 543 363 601 in
386 549 513 602 maestos
536 543 632 601 omnis
655 540 735 602 abire
759 559 865 622 rogos3

138 632 273 710 Cumque
296 631 352 689 riri
376 646 446 690 casu
469 631 566 708 possis
588 629 753 690 miseranda
776 629 888 710 rideri,

138 719 274 780 Invenies
297 716 433 796 aliquas,
456 734 531 797 quae
543 764 554 796 ,
577 717 655 796 quod
679 736 734 797 es,
757 736 823 778 esse
845 717 953 792 velint,

139 807 222 879 Quae
245 816 299 886 te,
320 813 491 866 nostrorum
515 822 584 865 cum
606 807 649 866 sis
670 807 702 866 in
724 815 814 885 parte
832 805 993 888 malorum,

90 908 125 958 10
139 894 270 957 Felicem
293 894 392 954 dicant
414 892 622 971 invideantque
644 891 716 954 tibi.

139 983 205 1045 Nou
229 1000 284 1061 ego
307 982 424 1043 divitias
446 980 542 1041 dando
565 979 619 1041 tibi
642 979 728 1060 plura
750 981 916 1043 dedissem:

140 1071 189 1132 Nil
211 1071 289 1132 seret
310 1069 347 1130 ad
371 1086 472 1130 manes
494 1069 593 1130 divitis
617 1068 721 1130 umbra
744 1087 831 1131 suos.

140 1159 283 1238 Perpetui
305 1157 435 1219 fructum
459 1156 563 1218 donavi
586 1159 713 1217 nominis
737 1157 844 1238 idque,
872 1200 875 1205 -

141 1247 206 1318 Quo
231 1246 300 1307 dare
323 1246 366 1306 nil
388 1247 472 1324 potui
495 1263 618 1306 munere
642 1247 759 1325 maius,
781 1244 889 1305 habes.

90 1346 125 1396 15
141 1335 244 1414 Adde,
268 1333 369 1413 quod,
392 1341 427 1394 ut
449 1351 550 1393 rerum
573 1323 635 1394 sola
658 1351 691 1394 es
713 1331 805 1393 tutela
829 1350 978 1413 mearum,

141 1423 185 1484 nd
209 1430 238 1483 te
262 1439 321 1482 non
344 1423 428 1500 parvi
449 1423 529 1481 venit
551 1421 673 1482 honoris
696 1437 789 1499 onus,

143 1509 229 1582 Quod
252 1526 414 1588 numquam
437 1526 492 1569 vox
515 1517 561 1569 est
583 1509 620 1569 de
643 1517 674 1569 te
696 1526 762 1569 mea
785 1515 867 1568 muta
890 1509 992 1586 tuique

142 1598 263 1659 lndiciis
286 1596 376 1658 debes
401 1613 467 1658 esse
490 1595 618 1675 superba
640 1599 713 1657 viri.

143 1686 224 1757 Quae
247 1704 286 1745 ne
309 1687 376 1765 quis
399 1686 494 1763 possit
515 1687 672 1745 temeraria
696 1684 817 1764 dicere,
840 1693 957 1766 persta,

92 1787 128 1837 20
143 1773 182 1835 Et
204 1776 316 1853 pariter
339 1791 423 1833 serra
446 1790 553 1851 meque
576 1774 713 1852 piamque
736 1771 841 1834 fideml

142 1861 216 1922 Nam
240 1869 313 1941 tua,
335 1861 406 1920 dum
425 1862 585 1940 stetimus,
607 1863 688 1940 turpi
712 1863 775 1922 sine
803 1863 926 1922 erimine
952 1862 1060 1921 mansit

143 1950 182 2011 Et
204 1957 318 2010 tantum
340 1947 473 2028 probitas
495 1948 707 2026 inreprehensa
730 1949 803 2009 fuit.

143 2039 219 2098 Area
242 2037 280 2098 de
302 2044 403 2097 nostra
426 2054 506 2097 nunc
529 2043 574 2096 est
597 2035 652 2097 tibi
674 2037 750 2097 facta
773 2038 875 2117 ruina3

144 2126 346 2205 Conspicuum
368 2127 464 2184 virtus
486 2124 534 2184 hic
558 2132 720 2204 tua-ponat
743 2123 835 2203 opusl

95 2225 130 2277 25
144 2213 219 2275 Esse
243 2213 350 2274 bonam
373 2211 458 2273 facile
481 2220 550 2293 est,
574 2210 648 2291 ubi,
672 2210 751 2290 quod
774 2219 854 2272 vetet
876 2229 964 2292 esse,

691 2307 837 2360 remotum
860 2308 924 2380 est,

144 2389 181 2451 Et
204 2389 278 2451 nihil
302 2389 400 2449 officio
423 2395 515 2467 nupta
539 2385 618 2465 quod
642 2384 740 2447 obstet
761 2386 867 2447 habet:
956 2382 958 2386 ’

144 2478 218 2540 Cum
242 2477 317 2538 deus
339 2478 491 2556 intonuit,
514 2491 574 2535 non
597 2491 630 2534 se
653 2471 820 2533 subducere
843 2471 958 2552 nimbo,

144 2565 176 2626 ld
200 2566 320 2627 demum
344 2573 390 2626 est
412 2566 529 2644 pietas,
550 2562 580 2622 id
605 2560 722 2622 socialis
744 2577 843 2621 amor.

144 2654 221 2714 Rara
245 2653 366 2732 quidem
388 2654 505 2730 virtus,
531 2668 619 2729 quam
642 2667 702 2710 non
724 2647 855 2709 Fortuna
879 2646 1041 2730 gubernet,

97 2755 131 2804 tto
145 2742 227 2813 Quae
250 2747 368 2802 maneat
391 2737 510 2818 stabili,
533 2755 601 2798 cum
624 2737 700 2817 sugit
722 2736 793 2819 illa,
815 2736 908 2816 pede.

145 2829 236 2910 Siqua
259 2836 358 2890 tamen
381 2823 405 2906 †
427 2828 557 2906 pretium
580 2824 637 2886 sibi
659 2844 775 2887 merces
797 2827 861 2905 ipsa
884 2828 1027 2905 petitum,

143 2917 237 2997 lnqne
261 2934 366 2995 parum
388 2914 473 2975 laetis
497 2912 588 2974 ardua
610 2912 701 2975 rebus
724 2914 824 2994 adest,

143 3004 182 3065 Ut
206 3013 324 3084 tempus
346 3018 509 3078 numeres,
531 3018 586 3080 per
609 3001 725 3063 saecula
747 3000 827 3063 nulla
850 3008 983 3081 tacetur,

143 3092 181 3154 Et
204 3092 270 3154 loca
291 3093 461 3171 mirantur,
483 3107 541 3169 qua
563 3097 646 3168 patet
668 3089 749 3150 orbis
772 3091 847 3149 iter.

99 3193 131 3243 eo
145 3182 284 3262 Aspicis,
307 3187 342 3241 ut
364 3178 451 3257 longo
475 3184 574 3239 teneat
596 3176 749 3238 laudabilis
772 3192 843 3235 aero

144 3268 259 3330 Nomen
282 3269 480 3329 inextinctum
502 3264 668 3343 Penelopea
691 3258 791 3322 fides?

146 3356 274 3438 Cernis,
297 3363 332 3417 ut
353 3355 470 3416 Admeti
494 3358 631 3414 cantetur
654 3357 684 3410 et
706 3347 844 3408 Hectoris
867 3363 942 3408 uxor

145 3446 284 3525 Ansaque
307 3446 339 3505 in
362 3458 503 3504 accensos
525 3438 623 3519 lphias
646 3439 690 3496 ire
714 3451 819 3513 rogos;
889 3462 890 3467 κ

145 3531 184 3594 Ut
206 3535 284 3595 vivat
306 3531 384 3592 fama
406 3529 537 3591 coniunx
560 3521 737 3602 Phylaceia,
760 3523 845 3583 euius
