2386 3892
373 190 409 242 11.
428 192 699 243 vmro-vnuee.
973 190 1034 255 161

129 352 154 413 Si
175 371 276 433 pacem
299 352 408 413 nullam
431 362 540 432 pontus
564 353 635 413 mihi
658 349 789 433 praestet
811 357 912 438 eunti,

164 442 249 502 Irrita
272 441 409 520 Neptuno
434 459 488 501 cur
511 458 565 519 ego
589 450 655 502 tura
678 439 798 503 leram?

126 528 197 590 Vana
219 529 379 589 laborantis
404 531 429 589 si
452 528 531 589 lallat
554 540 619 590 vota
643 530 758 610 coloni,

88 625 114 675 30
165 618 295 697 Accipiat
319 617 454 695 gravidae
479 635 532 677 cur
556 620 618 677 suis
641 629 707 678 exta
731 617 847 681 Ceres?

126 705 180 766 Nec
204 705 284 766 dabit
307 708 425 765 intonso
449 704 583 783 iugulum
606 724 695 785 caper
718 706 813 767 hostia
837 707 968 788 Baccho,
993 722 1035 771 (66)

164 794 258 855 Musta
282 793 338 853 suh
362 793 488 854 adducto
512 794 538 853 si
560 793 635 872 pede
659 793 738 854 nulla
761 795 872 856 ssuent.

125 882 226 943 Caesar
249 891 283 943 ut
306 882 423 960 imperii
447 881 617 942 moderetur
640 882 723 942 irena
745 900 920 964 precamur,

163 971 234 1030 Tam
258 970 333 1030 hene
358 969 435 1049 quod
460 972 571 1049 patriae
595 970 723 1031 consulit
745 971 795 1031 ille
818 989 907 1034 suae.

85 1068 111 1116 35
124 1058 234 1119 Utilitas
257 1061 348 1137 igitur
372 1075 492 1136 magnos
515 1057 708 1138 hominesque
732 1058 863 1139 deosque

163 1146 282 1226 Eihcit,
306 1146 422 1206 auxiliis
446 1164 563 1225 quoque
588 1147 704 1208 favente
727 1151 806 1208 suis.

122 1234 164 1295 Tu
188 1253 305 1314 quoque
330 1236 375 1294 lac
399 1235 525 1313 profugo
549 1237 665 1312 prosint
687 1243 738 1295 tua
762 1243 858 1295 castra
880 1238 1006 1316 iacenti,

164 1323 187 1383 0
211 1323 307 1402 Coty,
330 1324 487 1401 progenies
510 1322 597 1399 digna
620 1330 742 1401 parente
766 1331 836 1383 tuo.

122 1410 303 1471 Conveniens
325 1410 438 1470 homini
461 1418 507 1470 est
530 1410 679 1470 hominem
703 1428 820 1470 servare
844 1411 995 1491 voluptas,

81 1509 108 1557 40
163 1498 200 1559 Et
223 1499 328 1559 melius
352 1498 431 1558 nulla
455 1500 608 1577 quaeritur
631 1506 694 1558 arte
718 1498 816 1558 lavor.

122 1587 191 1656 Quis
215 1604 274 1645 non
298 1585 476 1665 Antiphaten
499 1585 699 1665 Laestrygona
722 1583 871 1648 devoret?
894 1595 945 1649 aut
969 1590 1034 1667 quis

163 1675 293 1735 Munisrci
316 1693 414 1734 mores
436 1673 584 1751 improbat
606 1672 746 1736 Alcinoi?

120 1763 183 1822 Non
207 1762 261 1823 tibi
284 1762 467 1822 Casandreus
491 1769 575 1840 pater
598 1771 644 1822 est
666 1764 798 1841 gentisve
822 1762 986 1844 Pheraeae,

164 1851 256 1921 Quive
280 1859 465 1929 repertorem
488 1852 597 1911 torruit
620 1859 682 1910 arte
706 1868 777 1912 sua:

80 1949 109 1997 45
124 1938 180 1998 Sed
205 1956 292 2016 quarn
315 1938 407 1997 Marte
432 1939 513 1998 lerox
538 1946 567 1998 et
590 1939 668 1998 vinci
691 1941 809 1999 nescius
833 1943 940 2019 armis,

164 2026 236 2085 Tam
260 2044 442 2104 numquam,
465 2026 540 2086 lacta
564 2044 658 2105 pace,
681 2029 797 2087 cruoris
820 2045 937 2087 amans.

120 2114 222 2194 Adde,
247 2114 325 2191 quod
349 2116 492 2192 ingenuas
515 2112 654 2174 didicisse
678 2114 805 2175 fideliter
828 2123 907 2175 artes

163 2201 283 2262 Emollit
306 2219 426 2280 mores,
449 2220 505 2263 nec
528 2203 599 2261 sinit
622 2219 688 2261 esse
712 2203 808 2262 leros.

120 2289 179 2350 Nec
204 2308 308 2368 regum
332 2292 488 2367 quisquam
512 2290 604 2366 magis
628 2297 673 2349 est
694 2291 860 2350 instructus
883 2289 919 2349 ah
943 2289 1016 2370 illis,

77 2389 107 2436 to
164 2377 284 2438 Mitihus
308 2386 359 2438 aut
382 2377 488 2437 studiis
511 2384 646 2452 tempora
669 2375 753 2453 plura
777 2374 874 2437 dedit.

120 2465 254 2525 Carmina
278 2472 447 2546 testantur,
471 2482 569 2544 quae,
592 2464 618 2523 si
640 2470 690 2523 tua
713 2465 831 2522 nomina
855 2461 971 2542 demas,

165 2554 337 2613 Threicium
360 2557 497 2614 iuvenem
520 2553 721 2631 composuisse
745 2568 867 2629 negem.

119 2641 196 2703 Neve
220 2640 275 2701 sub
299 2641 356 2702 hoc
378 2649 475 2702 tractu
494 2647 574 2701 vates
597 2641 675 2700 loret
698 2640 804 2700 unicus
822 2637 977 2721 Orpheus,
992 2651 1034 2704 tort

162 2729 292 2789 Bistonis
314 2731 432 2808 ingenio
457 2739 536 2790 terra
560 2727 688 2807 superba
710 2734 762 2788 tuo
787 2737 849 2789 est.

74 2829 104 2877 55
120 2817 215 2896 thue
239 2817 295 2877 tihi
318 2825 364 2878 est
387 2819 501 2877 animus
514 2864 523 2896 ,
551 2834 620 2877 cum
643 2835 691 2877 res
714 2818 755 2878 ita
777 2817 907 2897 postulat
920 2866 929 2898 ,
955 2836 1034 2878 arma

163 2905 288 2965 Sumere
313 2914 343 2965 et
365 2905 465 2965 hostili
487 2907 602 2982 tingere
626 2904 715 2966 caede
739 2925 876 2988 manum,

118 2994 213 3072 Atque
238 3001 272 3054 ut
294 3012 326 3054 es
350 3009 475 3053 excusso
499 2992 627 3054 iaculum
650 3002 791 3073 torquere
813 2995 923 3055 lacerto

162 3081 302 3161 Collaque
325 3081 435 3142 velocis
458 3081 577 3142 flectere
601 3081 706 3143 doctus
730 3085 816 3161 equi,

117 3169 263 3249 Tempora
287 3173 330 3230 sic
354 3169 421 3230 data
445 3178 515 3230 sumt
537 3170 643 3229 studiis
666 3169 718 3229 uhi
740 3171 817 3229 iusta
840 3167 990 3246 paternis,

72 3269 104 3316 60
163 3257 258 3336 Atque
283 3261 345 3318 suis
369 3259 501 3319 numeris
525 3258 601 3317 forte
625 3258 736 3335 quievit
759 3271 849 3332 opus,

118 3345 160 3405 lle
184 3355 234 3406 tua
258 3353 442 3406 marcescant
464 3361 517 3423 per
540 3345 645 3403 inertis
668 3345 727 3402 otia
750 3358 888 3420 somnos,

162 3433 273 3495 Lucida
296 3434 392 3494 Pieria
417 3433 495 3493 tens'
536 3433 567 3491 in
590 3438 668 3489 astra
691 3431 755 3490 via.

118 3521 196 3582 Haeo
221 3539 339 3600 quoque
363 3538 412 3581 res
454 3520 457 3521 ’
533 3517 667 3578 ltecum
685 3518 758 3580 mihi
781 3519 908 3580 foederis
932 3519 1034 3581 affert.

83 3629 164 3673 OVID.
190 3632 236 3673 ΙΙΙ.
843 3625 875 3675 ll
