2386 3892
423 181 470 234 1v.
487 185 702 235 mro-noc
1020 183 1063 250 69

87 357 123 406 to
139 344 278 415 Quorum
300 341 351 402 bio
374 344 539 423 aspicitur,
560 343 694 405 creditur
716 344 765 406 ille
789 346 883 408 deus.
966 365 969 370 ’

138 432 178 492 Ut
200 449 262 491 non
286 428 464 511 debuerim,
487 438 586 491 tamen
609 431 666 492 hoe
689 451 744 511 ego
766 435 879 495 crimen
902 433 1034 496 babebo:

138 520 204 580 Non
228 519 288 578 luit
311 516 427 579 arbitrii
450 517 548 579 littera
571 523 758 581 nostratui.

140 607 201 667 Nec
225 624 324 685 nova,
347 605 428 684 quod
449 614 550 667 tecum
572 606 701 687 loquor,
723 615 770 669 est
791 610 898 670 iniuria
921 618 1040 689 nostra,

138 694 301 756 Incolumis
324 711 394 754 oum
417 711 477 771 quo
501 711 588 772 saepe
611 695 730 756 locutus
752 713 855 757 eram.

88 783 206 852 250110
230 798 353 841 vereare
375 783 497 861 minus,
519 798 557 842 ne
581 783 637 842 sim
659 781 715 843 tibi
738 785 851 844 crimen
874 785 1003 864 amicus,

139 869 305 950 Invidiam,
328 870 414 946 siqua
437 877 483 930 est
495 913 505 949 ,
527 877 631 930 auctor
653 869 763 930 babere
786 878 908 949 potest.

139 958 213 1018 Nam
237 966 308 1017 tuus
331 965 378 1015 est
394 958 499 1035 primis
517 956 617 1017 cultus
635 956 708 1018 mibi
726 975 844 1038 semper
866 958 902 1019 ab
927 961 1012 1019 annis
1026 992 1062 1002 -

138 1045 203 1105 lloc
227 1051 310 1104 certe
333 1042 395 1103 noli
418 1043 603 1105 dissimulare
626 1077 662 1089 -
683 1053 790 1125 pater3

139 1132 355 1212 Ingeniumque
377 1148 477 1192 meum
499 1163 536 1176 -
557 1139 643 1212 potes
665 1132 723 1193 boc
745 1134 915 1194 meminisse
936 1165 974 1176 -

587 1218 749 1301 probabat,

89 1323 125 1370 30
141 1308 213 1369 Plus
235 1309 327 1369 ‚etiam
339 1353 349 1389 ,
372 1325 460 1387 quarn
482 1325 531 1367 me
554 1307 652 1367 iudice
674 1307 782 1384 dignus
804 1324 903 1385 eram,

139 1396 243 1474 Deque
267 1397 342 1455 meis
365 1394 414 1455 illo
438 1393 589 1455 referebat
610 1393 746 1455 versibus
769 1411 839 1475 ore,

139 1484 172 1543 ln
197 1501 257 1562 quo
280 1500 349 1561 pars
372 1500 494 1561 magnae
517 1480 681 1543 nobilitatis
704 1491 789 1543 erat.

138 1571 204 1631 Non
227 1573 319 1648 igitur
341 1569 396 1631 tibi
418 1589 499 1631 nunc
511 1618 521 1652 ,
549 1570 628 1648 quod
650 1588 698 1630 me
722 1570 827 1631 domus
849 1571 906 1630 ista
928 1572 1060 1651 recepit,

141 1658 199 1719 Sed
223 1659 308 1736 prius
332 1660 446 1718 auctori
469 1666 540 1719 sunt
563 1658 629 1720 data
652 1658 741 1718 verba
762 1667 832 1721 tuo.

89 1760 122 1807 35
138 1745 205 1805 Non
228 1746 296 1806 data
319 1753 390 1806 sunt
401 1790 411 1825 ,
433 1746 614 1807 mihicrede
638 1755 758 1808 tamen.
794 1747 847 1808 sed
869 1747 901 1806 ln
925 1744 1060 1807 omnibus

586 1837 680 1916 actis,

139 1921 248 1982 Ultima
271 1924 297 1981 si
321 1921 444 2002 demas,
466 1924 526 1983 vita
549 1921 657 1984 tuenda
680 1939 745 1982 mea
767 1931 830 1984 est.

139 2009 222 2069 Hanc
241 2026 378 2089 quoque,
397 2027 455 2088 qua
472 2012 567 2091 perii,
587 2010 703 2090 culpam
722 2009 819 2071 scelus
838 2029 904 2072 esse
923 2011 1059 2094 negabis,

139 2096 172 2157 Si
196 2099 271 2157 tanti
295 2099 389 2158 series
411 2099 451 2157 sit
473 2097 530 2159 tibi
551 2106 621 2160 nota
644 2098 729 2159 mali.

138 2186 197 2246 Aut
220 2186 309 2245 timor
332 2193 383 2246 aut
406 2202 491 2245 error
513 2185 623 2266 nobis,
645 2189 730 2264 prius
753 2184 848 2246 obluit
871 2204 972 2247 error.

89 2285 125 2334 40
141 2270 181 2333 tt
205 2274 269 2332 sine
293 2290 340 2340 me
363 2272 416 2332 lati
438 2290 498 2335 non
519 2275 690 2335 meminisse
712 2275 788 2334 mei.

139 2360 219 2420 Neve
241 2359 430 2421 retractando
454 2361 584 2425 nondum
608 2363 744 2422 coeuntia
768 2378 872 2440 rumpe

140 2447 290 2510 Vulnera!
334 2450 380 2508 rix
404 2447 463 2509 illis
484 2450 618 2529 proderit
639 2451 703 2528 ipsa
726 2450 827 2525 quies.

140 2534 219 2614 Ergo
242 2546 277 2597 ut
298 2538 364 2598 iure
388 2535 491 2598 demus
513 2557 645 2618 poenas,
668 2537 712 2596 sic
735 2533 828 2594 abluit
851 2548 937 2592 omne

138 2624 264 2696 Peccato
288 2625 404 2685 lacinus
427 2627 642 2706 consiliumque
665 2641 749 2686 meo.

91 2723 125 2771 45
140 2710 231 2790 ldque
255 2712 329 2773 deus
353 2714 464 2774 sentit.
501 2733 554 2794 pro
582 2734 641 2794 quo
669 2731 725 2775 nec
747 2709 847 2771 lumen
870 2707 1055 2790 ademptum,

137 2798 198 2860 Nec
222 2799 295 2860 mibi
318 2800 465 2861 detractas
487 2803 619 2880 possidet
640 2802 715 2865 alter
738 2817 826 2881 opes.

138 2885 275 2949 Forsitan
297 2888 373 2949 hano
396 2890 512 2970 ipsam,
533 2893 627 2952 viram
651 2891 760 2967 modo,
783 2887 864 2947 finiet
887 2883 974 2960 olim,

137 2974 284 3055 Tempore
308 2993 376 3037 oum
399 2976 491 3035 luerit
512 2975 605 3041 lenior
627 2982 694 3060 ira,
717 2979 833 3055 lugam.

137 3062 223 3124 Nunc
235 3110 245 3144 ,
267 3081 397 3144 precor,
420 3063 490 3123 bino
512 3064 567 3126 alio
588 3067 689 3130 iubeat
711 3062 887 3139 discedere,
910 3059 936 3116 si
958 3073 1017 3118 non

91 3161 123 3210 50
136 3149 244 3211 Nostra
267 3150 436 3213 verecundo
459 3159 526 3212 vota
547 3155 660 3234 pudore
684 3157 801 3216 carent.

137 3236 238 3300 blitius
262 3239 382 3301 exilium
407 3237 551 3319 pauloque
572 3244 768 3325 propinquius
791 3241 877 3313 opto,

139 3324 256 3407 Quique
279 3329 319 3388 sit
341 3345 358 3387 a
381 3343 467 3388 saevo
490 3326 605 3410 longius
626 3331 712 3392 hoste
735 3328 835 3400 locus3

138 3413 312 3493 Quantaque
335 3415 366 3475 in
389 3415 521 3494 Augusto
545 3418 716 3502 elementia,
739 3415 832 3494 siquis
854 3407 890 3470 ab
912 3404 961 3466 ill0

137 3500 200 3562 Hoc
222 3509 340 3581 peteret
363 3519 501 3585 prome,
524 3505 644 3571 forsitan
667 3508 716 3570 ille
739 3506 833 3566 daret.
