2386 3892
143 171 209 236 190
516 124 519 131 ⁴
554 173 604 224 EX
621 171 742 224 PONTO

182 348 215 398 50
274 335 321 398 Dt-
336 345 449 397 certam
470 352 613 415 praesens
637 335 684 394 vix
707 332 798 394 babet
819 332 891 394 bora
915 332 1023 395 iidem.

231 420 329 485 ‘Litus
353 423 389 484 ad
411 418 577 485 Euxinum'
601 423 695 501 siquis
718 421 790 482 mihi
812 421 926 482 diceret
949 417 1042 501 ‘ibis,

273 511 311 573 Et
334 519 449 572 metues
462 559 471 592 ,
495 529 566 572 arcu
591 528 628 571 ne
652 511 760 570 feriare
784 508 874 570 Getae
884 504 904 589 ,²

230 596 275 683 ³1,
300 595 384 660 bibe'
407 599 547 660 dixissem
571 594 749 679 ‘purgantes
772 606 893 676 pectora
916 615 1024 678 sucos,

274 686 423 766 Quidquid
447 695 478 748 et
500 689 531 748 iu
554 694 616 747 tcta
638 688 770 748 nascitur
792 686 932 766 Anticyra
943 680 962 746 .'

181 787 215 837 dt
230 776 303 837 Sum
326 784 424 836 tamen
447 775 519 836 baec
542 792 670 854 passus.
711 791 767 834 uec
779 820 789 854 ,
813 775 839 834 si
861 773 997 835 mortalia
1020 774 1145 854 possim,

273 863 312 924 Et
335 865 442 925 summi
464 871 598 943 poteram
622 862 679 924 tela
703 879 807 922 carere
830 860 895 922 dei.

229 950 274 1012 Tu
299 970 417 1032 quoque
440 951 487 1012 iac
510 954 636 1032 timeas,
665 957 793 1029 atquae
817 949 871 1011 tibi
894 950 970 1012 laeta
993 948 1142 1030 videntur,

272 1038 350 1101 Dum
373 1040 527 1120 loqueris,
550 1040 615 1100 lieri
638 1040 734 1100 tristia
756 1055 844 1119 posse
867 1046 957 1117 puta.

602 1230 683 1305 ΙΙΙΙ.

227 1389 313 1452 Nulla
335 1391 397 1452 dies
421 1389 494 1451 adeo
517 1397 563 1451 est
586 1387 764 1450 australibus
787 1388 887 1451 umida
909 1389 1035 1470 nimbis,

272 1479 338 1539 Nou
360 1479 540 1540 intermissis
562 1485 596 1539 ut
618 1477 690 1538 ssuat
711 1475 808 1538 imber
831 1478 933 1557 aquis.

228 1567 289 1627 Nec
313 1568 423 1628 sterilis
446 1567 530 1628 locus
552 1565 630 1627 ullus
652 1567 694 1626 ita
717 1572 784 1645 est,
807 1572 841 1626 ut
864 1582 924 1626 nun
946 1567 986 1627 sit
1008 1568 1039 1628 iu
1061 1565 1108 1626 illo

271 1653 360 1715 Mixta
383 1655 445 1715 iere
470 1654 552 1715 duris
576 1652 656 1715 utilis
680 1652 771 1713 herba
794 1652 895 1714 rubis.

199 1741 276 1801 nNil
299 1743 371 1803 adeo
395 1743 513 1803 fortuna
536 1743 632 1821 gravis
655 1740 822 1803 miserabile
845 1742 934 1821 lecit,

272 1828 310 1890 Ut
334 1832 467 1890 minuant
489 1829 569 1890 nulla
592 1829 696 1908 gaudia
718 1838 803 1908 parte
827 1828 954 1890 malum.

228 1916 306 1977 Ecce
330 1917 416 1977 domu
439 1920 593 1997 patriaque
616 1935 721 1977 carens
744 1915 897 1996 oculisque
921 1933 1072 1998 meorum,

272 2004 437 2084 Naufragus
459 2008 491 2067 in
515 2005 611 2066 Getici
633 2003 728 2066 litoris
751 2012 835 2066 actus
857 2022 970 2086 aquas,

229 2092 414 2178 Qua-tamen
437 2095 537 2154 inveni
559 2092 673 2155 vultum
696 2093 860 2153 diliundere
884 2110 973 2154 causa
1088 2103 1138 2153 (112)

181 2193 214 2241 10
273 2179 411 2261 Possim,
433 2180 570 2242 furtunae
593 2198 649 2241 nec
672 2183 841 2241 meminisse
863 2198 964 2242 meae.

227 2267 301 2328 Nam
325 2267 397 2328 mibi
420 2287 488 2330 cum
510 2269 591 2330 solus
615 2271 759 2348 spatiarer
782 2270 876 2330 tristis
899 2268 1028 2348 harena,

273 2353 341 2417 Visa
363 2366 409 2418 est
432 2376 448 2418 a
471 2365 555 2436 tergo
578 2359 668 2436 piuna
691 2356 808 2417 dedisse
831 2373 955 2418 sonum.

227 2444 387 2524 Despicio:
424 2463 480 2506 nec
503 2454 567 2506 erat
589 2462 723 2525 corpus,
750 2444 829 2524 quod
857 2461 981 2506 cernere
1008 2459 1137 2525 possem,

272 2532 367 2594 Verba
390 2542 488 2595 tamen
512 2540 582 2594 sunt
604 2533 676 2594 baec
699 2550 771 2594 aure
794 2541 913 2614 recepta
936 2549 1020 2594 mea:

181 2632 213 2679 15
228 2616 290 2682 ‘Eu
313 2640 367 2700 ege
392 2622 535 2683 laetarum
558 2623 643 2682 renio
667 2620 722 2681 tibi
744 2623 848 2683 nuntia
870 2638 991 2702 rerum,

271 2708 381 2789 Fama,
403 2728 457 2788 per
480 2712 629 2770 inmensas
653 2714 720 2770 aire
743 2709 822 2788 lapsa
845 2710 924 2770 rias.

228 2795 354 2856 Consule
378 2797 537 2879 Pompeio,
561 2815 620 2877 quo
642 2815 703 2857 non
726 2796 780 2858 tibi
796 2799 899 2858 *carior
922 2796 1016 2879 alter,

272 2882 420 2944 Candidus
444 2894 474 2945 et
496 2886 566 2946 felix
588 2887 742 2964 proximus
765 2902 859 2945 annus
883 2887 941 2945 erit
951 2879 970 2945 .'

227 2970 327 3052 Dixit,
351 2979 382 3032 et
402 2981 437 3033 ut
459 2972 535 3033 laete
558 2972 686 3035 Pontum
708 2990 828 3034 rumora
851 2971 995 3052 replevit,

180 3070 213 3120 20
272 3059 315 3120 ud
339 3067 443 3138 gentes
467 3059 536 3121 alias
560 3060 630 3121 hinc
652 3060 707 3121 dea
730 3063 818 3121 vertit
839 3063 914 3122 iter.

227 3147 265 3208 lit
287 3147 360 3208 mibi
383 3148 503 3228 dilapsis
526 3150 605 3209 inter
628 3166 703 3209 nova
725 3147 830 3228 gaudia
853 3150 935 3210 curis

271 3235 389 3297 Excidit
412 3239 555 3316 asperitas
578 3236 667 3297 buius
689 3237 791 3314 iniqua
813 3237 887 3297 loci.

227 3323 304 3401 Ergo
328 3323 400 3405 ubi,
424 3324 493 3386 lana
516 3324 639 3405 biceps,
667 3324 787 3403 longum
815 3326 995 3386 reseraveris
1017 3336 1135 3397 annium,

270 3411 378 3472 Pulsus
403 3420 434 3473 et
456 3431 472 3473 a
496 3431 580 3474 sacro
603 3430 706 3473 mense
728 3410 893 3474 December
915 3415 990 3493 erit,

179 3508 213 3559 25
226 3499 363 3577 Purpura
385 3500 558 3580 Pompeium
581 3502 689 3562 summi
712 3498 819 3562 velabit
841 3500 980 3580 honoris,
