2386 3892
464 180 496 231 5.
515 182 662 251 515-581.

153 342 237 402 Ultor
261 343 295 402 ad
319 345 382 421 ipse
406 361 476 403 5555
498 343 580 404 55515
603 341 757 404 descendit
778 341 907 403 honores

198 431 377 508 Templaque
399 433 431 490 in
454 432 586 510 Augusto
608 429 816 510 conspicienda
839 430 922 491 1555.

153 517 191 577 Ε1
214 518 287 578 deus
311 528 356 578 est
378 521 530 596 15555551
553 536 645 597 opus.
686 517 813 579 debebat
834 519 865 578 in
888 517 963 580 urbe

197 605 262 665 Nou
286 606 370 666 aliter
393 605 708 667 5511115551151111555
732 608 796 667 sui.

88 706 139 753 555
156 693 247 770 Digna
270 693 420 772 Giganteis
442 694 514 754 11555
538 701 608 754 5551
630 692 752 753 delubra
774 695 921 773 tropaeis:

198 780 272 842 Hinc
296 783 358 841 1555
381 780 539 841 Gradivum
562 780 637 840 belia
659 798 778 841 movere
800 782 903 844 decet:

157 868 214 928 855
239 873 305 948 quis
329 869 364 929 ab
388 887 443 928 eoo
466 886 520 928 nos
542 871 651 948 impius
673 867 745 928 orbe
768 868 909 950 lacesset,

199 955 257 1016 Seu
282 959 348 1034 quis
371 955 407 1016 ab
430 956 553 1018 occiduo
576 956 638 1017 5515
661 955 824 1017 domandus
847 957 920 1018 erit.

154 1044 300 1123 Prospicit
322 1047 503 1123 armipotens
525 1047 623 1124 operis
646 1043 762 1123 15511515
783 1045 910 1125 summi,

89 1143 139 1191 555
200 1132 237 1191 Et
260 1131 364 1210 prohat
387 1134 512 1193 invictos
535 1150 647 1193 summa
669 1141 773 1193 tenere
796 1131 884 1193 deos.

155 1221 300 1297 Perspicit
323 1223 353 1280 in
377 1219 490 1281 foribus
513 1221 645 1280 diversae
668 1220 726 1281 1515
748 1220 878 1302 figurae,

198 1310 344 1385 Armaque
367 1317 516 1369 terrarum
538 1308 631 1369 milite
653 1310 728 1369 51515
751 1325 824 1369 555.

156 1396 229 1456 11155
253 1396 331 1457 videt
354 1398 472 1457 Aenean
496 1404 650 1457 oneratum
673 1394 804 1475 pondere
828 1412 896 1456 5555

199 1483 236 1543 Et
259 1492 302 1544 151
325 1484 422 1544 151555
446 1482 605 1544 nobilitatis
629 1502 715 1545 avos:

88 1571 230 1631 55511155
254 1572 332 1633 videt
354 1572 463 1633 iliades
488 1575 598 1633 umeris
621 1572 705 1633 ducis
728 1588 808 1631 arma
832 1569 992 1650 serentem,

199 1658 342 1739 Claraque
364 1661 513 1739 dispositis
536 1668 601 1721 5515
624 1659 747 1720 subesse
769 1659 857 1719 51515.

156 1747 275 1824 Spectat
298 1758 327 1809 51
350 1750 482 1826 Augusto
505 1756 689 1827 praetextum
713 1749 832 1808 nomine
854 1746 1014 1829 tempium,

199 1834 237 1894 Et
259 1839 352 1897 visum
375 1837 453 1897 15515
476 1834 600 1897 Caesare
623 1838 719 1898 maius
740 1853 832 1916 opus.

155 1920 280 1983 Voverat
301 1924 357 1983 hoc
380 1926 494 1985 iuvenis
518 1934 611 2002 tunc,
634 1944 703 1988 oum
725 1927 773 2006 pia
796 1923 916 1987 sustulit
938 1943 1038 1986 arma.

90 2021 141 2069 555
199 2011 222 2069 Α
247 2015 335 2072 155115
357 2012 500 2091 Princeps
523 2014 709 2092 incipiendus
733 2021 812 2074 erat.

155 2097 204 2157 1115
229 2118 332 2159 515555
356 2100 503 2179 tendens,
526 2101 596 2162 11155
619 2104 707 2163 stanti
729 2100 821 2162 milite
843 2101 940 2181 15515,

199 2184 273 2245 Η155
297 2188 480 2264 5551555115,
503 2187 571 2246 tatia
593 2188 671 2248 dicta
693 2187 790 2249 dedit:

155 2268 202 2333 ‘st
226 2273 298 2333 mihi
320 2272 448 2333 bellandi.
470 2280 554 2352 55151
576 2283 623 2334 551
644 2272 808 2351 Vestaeque
831 2273 970 2336 sacerdos

198 2362 331 2442 Auctor,
354 2369 385 2421 et
407 2361 512 2422 ulcisci
534 2378 644 2422 numen
667 2367 827 2438 utrumque
849 2377 939 2440 paro:

90 2460 140 2507 555
155 2449 254 2529 Μ555,
277 2449 368 2522 ades,
392 2457 422 2510 et
445 2452 516 2511 55115
540 2447 683 2509 scelerato
706 2450 849 2526 55555155
872 2448 1002 2529 terrum,
1105 2512 1116 2531 ⁰

200 2537 323 2614 Stetque
346 2537 428 2597 15555
451 2554 538 2598 causa
560 2553 616 2615 pro
639 2534 760 2597 meliore
783 2543 871 2597 1555.

155 2623 275 2702 Tempta
298 2624 377 2684 15555
401 2633 452 2705 51,
474 2642 522 2685 me
544 2626 678 2704 victore,
700 2621 853 2684 vocaberis
870 2617 988 2699 Ultor?
1095 2624 1099 2631 ’

198 2710 325 2773 Voverat
337 2761 346 2794 ,
370 2720 401 2773 51
423 2712 488 2773 1555
511 2712 605 2773 laetus
627 2710 665 2772 ab
687 2710 774 2772 hoste
796 2711 889 2773 redit.

156 2797 215 2857 Nec
239 2804 309 2861 satis
333 2808 380 2862 est
400 2802 545 2861 meruisse
568 2799 660 2860 semei
682 2801 857 2878 cognomina
879 2798 984 2861 Marti:

91 2893 140 2938 580
199 2884 392 2966 Persequitur
414 2886 516 2947 Parthi
538 2889 620 2966 51555
643 2895 758 2949 retenta
781 2904 888 2950 111555.
913 2930 916 2937 ⁴

156 2968 234 3028 Gens
257 2973 365 3035 init-et
386 2975 499 3053 5551515
521 2984 552 3036 51
574 2977 658 3055 equis
681 2984 713 3038 et
734 2984 800 3039 1515
820 2977 939 3055 sagittis

199 3056 237 3117 Et
259 3061 445 3125 circumfusis
467 3065 550 3124 invia·
566 3062 754 3126 dominibus.

155 3145 334 3208 addiderant
354 3151 468 3222 animos
491 3150 664 3213 Crassorum
687 3152 791 3213 iunera
813 3150 914 3230 55511,

199 3233 272 3293 Cum
295 3237 383 3313 periit
405 3239 488 3300 miles
511 3242 653 3318 signoque
676 3237 794 3315 duxque
817 3234 922 3298 515151.

89 3332 138 3379 555
155 3320 264 3402 81555,
289 3323 378 3387 decus
400 3324 494 3406 haiti,
514 3325 643 3388 Parthus
664 3324 795 3385 Romana
817 3323 955 3405 tenebat,

197 3409 402 3491 Romanaeque
426 3415 540 3494 aquilae
566 3410 910 3491 51551155115511555511

154 3497 241 3577 isque
264 3499 360 3578 pudor
382 3504 540 3563 mansisset
561 3499 681 3580 adhuc,
703 3501 761 3561 nisi
783 3499 910 3563 1551111555
932 3504 1023 3564 armis
