2386 3892
90 182 131 246 86
142 228 149 235 .
504 182 673 232 TRISTIUM

178 345 273 425 Vitis,
297 351 327 405 ct
348 343 462 404 incluso
485 343 571 422 plena
594 345 633 403 sit
655 359 711 403 uva
733 359 833 422 mero;

180 434 228 493 Sic
251 431 306 492 tibi
328 449 397 492 cnm
419 430 537 492 bacchis
560 438 725 508 satyrorum
748 447 840 508 gnava
861 430 999 490 iuventus

177 521 257 580 Assit
269 566 278 600 ,
302 527 332 580 et
354 521 476 579 attonito
501 536 559 578 non
583 527 698 578 taceare
722 535 813 597 sono;

178 607 252 668 Ossa
274 606 451 685 bipenniferi
475 608 517 666 sic
541 608 600 666 sint
622 604 697 665 male
720 621 822 684 pressa
844 603 991 686 Lycurgi,

130 707 164 754 40
179 695 270 774 impia
293 712 347 755 nec
370 711 464 772 poena
487 693 635 753 Pentheos
658 692 763 753 umbra
786 701 889 772 racet3

180 783 228 843 Sic
252 785 341 842 micet
363 787 516 841 aeternum
539 783 692 858 vicinaque
716 779 812 841 sidera
835 781 934 841 vincat

180 870 318 948 Coniugis
341 871 373 930 in
397 868 476 928 caelo
500 868 577 928 clara
600 885 709 928 corona
725 866 816 932 tuael

180 957 245 1018 lluo
268 957 337 1017 ades
361 964 391 1016 et
414 974 499 1016 casus
522 956 656 1036 releves,
678 955 901 1036 pulcherrime,
923 961 1059 1037 nostros,

178 1044 275 1104 Unum
298 1042 334 1103 de
357 1061 480 1103 numero
503 1061 550 1103 me
574 1060 687 1103 memor
709 1060 775 1103 esse
799 1041 868 1104 tuci

34 1127 37 1132 ’
131 1142 164 1191 45
180 1132 255 1192 Sunt
278 1131 323 1190 dis
345 1132 424 1190 inter
447 1149 479 1191 se
502 1132 699 1191 commercia.
734 1130 855 1191 flectere
878 1137 990 1209 tempta

179 1219 354 1279 Caesareum
377 1235 485 1278 numen
509 1220 651 1298 numine,
674 1217 811 1298 Bacche,
833 1216 902 1278 tuci

179 1305 236 1366 Vos
259 1324 399 1386 qnoque,
424 1313 576 1367 consortes
600 1305 712 1386 studii,
734 1307 783 1384 pia
806 1305 894 1366 turha
906 1350 915 1386 ,
938 1312 1060 1388 poetae,

177 1393 256 1455 Haec
279 1394 381 1455 eadem
404 1401 521 1472 sumpto
545 1396 671 1472 quisquc
693 1401 795 1471 rogate
819 1391 919 1455 merol

177 1483 273 1561 Atque
297 1482 402 1559 aliquis
425 1489 578 1561 restrum,
602 1480 726 1540 Nasonis
748 1483 868 1542 nomine
891 1479 989 1562 dicto,

131 1565 201 1648 50†
224 1569 358 1647 Apponat
379 1568 507 1628 lacrimis
529 1568 633 1646 pocula
656 1571 747 1629 mixta
770 1570 848 1648 suis,

178 1656 411 1733 admonitusque
434 1657 493 1715 mei
505 1702 514 1736 ,
537 1673 605 1716 oum
628 1657 874 1734 circumspexerit
895 1673 1014 1737 omnes,

178 1743 261 1802 Dicat
285 1738 353 1802 ‘Ubi
375 1750 421 1802 est
443 1745 537 1802 nostri
560 1761 628 1821 pars
651 1743 738 1804 modo
760 1743 838 1804 Naso
861 1742 945 1804 chori
954 1739 982 1804 l’

178 1829 270 1908 ldqnc
292 1831 333 1889 ita
345 1876 354 1909 ,
379 1832 404 1889 si
426 1837 557 1890 vestrum
580 1833 675 1891 merui
698 1831 825 1892 candore
848 1831 997 1911 favorem,

178 1916 321 1995 Nullaque
344 1916 452 1977 iudicio
476 1917 574 1979 littera
596 1917 674 1978 laesa
696 1936 762 1978 meo
786 1925 848 1998 est,

130 2016 162 2064 55
178 2004 231 2083 Si,
255 2012 387 2064 veterum
411 2005 497 2082 digne
521 2023 646 2066 veneror
669 2023 737 2066 cum
760 2007 870 2084 scripta
892 2007 1043 2086 virorum,

177 2091 313 2151 Proxima
336 2110 395 2152 non
417 2092 475 2152 illis
499 2110 564 2154 csse
587 2096 700 2154 minora
721 2110 807 2153 reor.

179 2178 227 2237 Sic
251 2181 341 2256 igitur
364 2180 467 2239 dextro
491 2180 603 2242 faciatis
625 2179 758 2259 Apolline
782 2177 919 2241 carmani

178 2265 261 2336 Quod
285 2266 354 2328 licet
366 2312 374 2346 ,
398 2270 476 2327 inter
499 2286 550 2330 vos
574 2286 681 2328 nomen
703 2267 809 2329 habete
832 2265 947 2330 mcuml

556 2459 616 2533 IV.

177 2615 277 2677 Litore
300 2616 336 2677 ab
359 2616 475 2677 Euxino
497 2616 623 2677 Nasonis
646 2616 772 2696 epistula
791 2617 876 2697 veni,

176 2702 324 2781 Lassaque
348 2704 424 2764 iacta
446 2706 521 2764 mari
543 2704 677 2782 lassaque
700 2705 775 2764 lacta
798 2705 862 2783 via,

179 2789 236 2859 Qui
259 2790 332 2850 mihi
354 2790 429 2850 tiens
448 2791 522 2850 dixit
544 2787 624 2872 Ἥ,
647 2793 695 2852 cui
718 2790 809 2871 licet,
832 2793 930 2869 aspice
953 2786 1091 2850 Romam!

178 2875 244 2936 Heu
268 2885 377 2954 quanto
400 2877 505 2938 melior
528 2896 592 2939 sors
615 2886 665 2940 tua
689 2885 768 2939 sorte
791 2895 857 2938 mea
880 2871 963 2939 estl'¹

147 2962 267 3025 oFlens
296 2981 414 3043 quoque
441 2982 488 3025 me
517 2968 658 3045 scripsit.
698 2984 755 3027 neo
787 2983 844 3043 qna
875 2963 1029 3045 signabar,
1056 2961 1091 3024 ad

723 3070 756 3113 os
780 3061 825 3112 est

177 3139 275 3219 Ante,
299 3139 351 3200 sed
374 3138 410 3200 ad
434 3139 563 3201 madidas
587 3158 700 3219 gemma
722 3140 814 3201 relata
836 3157 943 3218 genas.

177 3227 329 3287 Tristitiae
353 3245 469 3288 oausam
494 3230 587 3306 siquis
611 3245 790 3306 cognoscere
814 3227 948 3307 quaerit,

178 3312 303 3375 Ostendi
327 3314 419 3375 solem
441 3315 570 3395 postulat
591 3315 640 3375 ilie
664 3315 738 3395 sibi,

177 3399 239 3460 Nec
263 3402 397 3463 frondem
420 3404 451 3464 in
474 3402 577 3483 silvis,
599 3420 654 3463 nec
677 3411 779 3482 aperto
802 3401 900 3463 mollia
922 3406 1004 3482 prato

133 3498 165 3548 10
180 3486 339 3569 Gramina,
362 3508 418 3551 nec
439 3491 528 3570 pleno
550 3489 671 3551 flumine
695 3491 790 3551 cernit
812 3506 935 3570 aquam3
