2386 3892
396 175 428 226 V.
446 187 504 227 vm
518 179 609 227 2o-x
626 180 665 228 tr.

118 339 182 401 Non
205 339 305 417 potuit
328 343 428 397 votum
451 336 567 415 plenius
590 355 655 398 esse
678 355 794 398 meum.

118 427 196 488 llaec
219 443 306 486 meus
329 426 463 505 argutis,
486 427 512 484 si
535 433 568 485 tu
590 433 747 505 paterere,
770 425 875 487 libellis

118 515 247 575 Poneret
270 515 301 573 in
324 511 415 573 multa
438 512 504 573 luce
527 512 651 573 ridenda
674 512 773 592 labor,

77 615 105 664 25
118 604 204 664 Nunc
219 619 338 680 quoque
358 618 407 680 se,
422 602 554 679 quamvis
571 607 617 660 est
635 602 714 661 iussa
729 603 899 683 quiescere,
915 603 985 681 quin
1006 612 1034 664 te

119 691 259 751 Nominat
281 690 407 748 inritum
420 735 428 768 ,
451 691 498 748 vix
522 705 586 748 mea
608 687 691 748 Musa
715 697 813 749 tenet.

118 779 216 856 thue
241 793 343 837 canem
366 775 486 853 pavidae
510 782 629 836 nactum
652 778 773 854 vestigia
796 794 899 837 cervae

120 866 291 925 latrantem
315 864 426 924 frustra
449 862 552 942 copula
576 863 649 923 dura
672 871 771 943 tenet3

119 949 218 1032 thue
242 952 321 1012 iores
344 950 475 1011 nondum
499 953 623 1011 reserati
646 953 774 1011 carceris
797 968 865 1011 acer

73 1053 104 1101 30
119 1041 205 1101 Nunc
227 1038 326 1118 pede,
349 1056 427 1099 nunc
450 1041 513 1117 ipsa
536 1039 633 1098 incute
657 1037 775 1099 lacessit
797 1057 912 1118 equus,

121 1129 170 1188 Sic
193 1145 258 1187 mea
281 1126 345 1205 lege
369 1125 434 1186 data
458 1128 553 1186 vincta
576 1134 664 1204 atque
688 1125 800 1186 inclusa
823 1127 924 1187 Thalia

120 1216 177 1275 Per
200 1213 319 1274 titulum
343 1215 426 1274 vetiti
449 1215 575 1274 nominis
597 1215 641 1272 ire
666 1215 768 1292 cupit.

121 1303 164 1362 Ne
188 1311 286 1362 tamen
309 1301 407 1361 officio
430 1303 568 1361 memoris
591 1299 717 1360 laedaris
740 1301 842 1379 amici,

121 1389 234 1450 Parebo
258 1391 348 1449 iussis
367 1419 410 1432 -
429 1406 517 1467 parce
541 1391 646 1449 timere
666 1418 708 1430 -
727 1389 804 1448 tuis.

73 1489 106 1538 35
121 1479 158 1538 At
180 1495 240 1537 non
262 1494 421 1555 parerem,
443 1478 469 1535 si
492 1494 551 1536 non
575 1477 743 1535 meminisse
767 1482 905 1553 putares.

99 1565 183 1643 ,lloc
207 1563 287 1643 quod
310 1580 370 1624 non
393 1562 531 1641 prohibet
553 1581 607 1623 vox
631 1571 703 1642 tua,
725 1570 827 1640 gratus
851 1579 921 1623 ero.

121 1653 256 1730 Dumque
273 1651 405 1729 -quod
424 1669 441 1710 o
460 1648 548 1711 breve
568 1649 623 1711 siti
636 1651 790 1713 —lumen
809 1649 895 1712 vitale
916 1648 1038 1729 ridebo,

123 1741 240 1801 Serviet
263 1739 360 1800 officio
384 1739 506 1816 spiritus
529 1739 586 1800 iste
609 1746 678 1798 tuo.

515 1929 604 2003 Χ..

123 2089 161 2151 Ut
184 2106 287 2150 sumus
310 2090 341 2149 in
364 2087 481 2167 Ponto,
504 2095 551 2147 ter
575 2087 684 2164 frigore
708 2089 841 2148 constitit
863 2085 981 2164 Hister,

123 2177 210 2238 Facta
234 2185 280 2237 est
302 2175 409 2236 Euxini
432 2174 506 2235 dura
528 2183 574 2235 ter
598 2174 675 2235 rrnda
699 2177 805 2235 maris.

124 2265 160 2324 nt
183 2264 255 2324 mihi
278 2265 335 2323 iam
358 2262 459 2323 videor
482 2264 577 2340 patria
600 2261 705 2339 procul
727 2279 793 2322 esse
816 2269 860 2322 tot
882 2263 990 2340 annis,

124 2351 258 2412 Dardana
281 2358 354 2430 quot
376 2349 462 2411 Graio
487 2350 575 2409 Troia
599 2346 653 2408 sub
676 2348 762 2408 hoste
785 2349 857 2409 luit.

94 2440 209 2500 oStare
233 2447 321 2518 putes
333 2483 342 2518 ,
365 2437 437 2498 adeo
461 2435 628 2516 procedunt
649 2441 783 2513 tempora
806 2433 906 2512 tarde,

124 2527 162 2587 Et
184 2529 299 2605 peragit
321 2526 409 2587 lentis
432 2524 567 2604 passibus
591 2539 685 2583 annus
708 2524 783 2582 iter.

125 2614 185 2674 Nec
209 2615 282 2674 mihi
304 2613 462 2675 solstitIum
485 2614 644 2691 quicquam
667 2608 703 2669 de
727 2606 864 2668 noctibus
888 2607 1002 2687 aulert,

125 2701 224 2763 Efficit
247 2709 388 2780 angustos
411 2718 467 2762 nec
490 2700 562 2761 mihi
584 2698 689 2759 bruma
713 2697 793 2758 dies.

127 2788 247 2850 Scilicet
270 2791 300 2848 in
324 2789 408 2849 nobis
432 2806 532 2850 rerum
556 2794 660 2849 natura
683 2793 787 2847 novata
803 2791 875 2867 est,

80 2889 111 2937 10
127 2877 259 2956 Cumque
284 2879 356 2938 meis
380 2878 460 2941 curis
483 2877 580 2937 omnia
603 2875 798 2954 longefacit.

125 2965 169 3024 An
193 2972 339 3044 peragunt
361 2963 463 3027 solitos
487 2966 652 3026 communia
677 2971 810 3043 tempora
832 2967 948 3036 motus,

128 3052 263 3131 Suntque
286 3055 378 3131 magis
401 3054 477 3113 vitae
500 3059 632 3130 tempora
656 3050 729 3112 dura
752 3066 852 3126 meae,

127 3140 223 3210 Quem
246 3147 328 3199 tenet
350 3139 457 3199 Euxini
480 3137 604 3199 mendax
627 3139 801 3217 cognomine
824 3133 913 3210 litus,

126 3226 164 3287 Et
188 3227 318 3306 Scythici
341 3243 410 3287 vere
433 3233 513 3286 terra
536 3227 655 3286 sinistra
679 3219 773 3284 freti?

84 3324 113 3373 tc
127 3313 302 3374 Innumerae
327 3315 405 3375 circa
428 3321 531 3392 gentes
555 3312 616 3372 iera
639 3309 715 3370 bella
737 3309 905 3382 minantur,

130 3401 211 3471 Quae
234 3400 291 3460 sibi
314 3418 372 3461 non
396 3408 480 3479 rapto
503 3401 601 3459 vivere
626 3404 712 3474 turpe
734 3397 857 3472 putant.

127 3488 174 3550 Nil
198 3495 280 3549 extra
303 3495 401 3549 tutum
424 3495 492 3549 est:
515 3484 647 3547 tumulus
671 3479 838 3543 detenditur
861 3479 925 3558 ipse
