2386 3892
356 202 391 252 11.
410 214 431 255 v
446 204 562 254 58—vn
577 206 618 255 11.
926 200 990 267 155

121 363 167 424 Sir
190 364 245 425 tibi
268 366 328 424 sint
351 366 458 424 iratres
480 371 601 443 totaque
625 364 703 426 salva
727 366 850 428 domus:

81 450 218 531 Quodque
242 450 319 512 soles
343 454 440 511 animo
464 469 602 533 semper,
626 453 704 532 quod
728 471 798 514 voce
821 456 956 535 precari,

119 539 222 600 Omnia
247 538 421 600 Caesaribus
445 541 487 600 sic
511 548 561 601 tua
584 541 659 602 laeta
681 539 808 620 probes.

79 627 173 706 Turpe
197 631 255 689 erit
277 630 308 688 iu
331 629 448 688 miseris
471 631 565 689 veteri
586 629 641 690 tibi
664 628 754 690 rebus
777 633 870 691 amieo

118 716 266 777 Arrxilium
290 715 369 776 nulla
392 723 476 794 parte
499 715 603 776 tulisse
627 726 728 778 tuum:

76 804 173 882 Turpe
196 804 309 864 reterre
333 804 460 883 pedem,
483 821 539 864 neo
562 822 651 882 passu
675 814 753 865 stare
776 806 891 866 tenaci:

118 892 217 971 Turpe
240 891 421 952 laborantem
445 893 612 952 deseruisse
635 901 746 953 ratem.

77 979 187 1060 [Turpe
212 982 297 1058 sequi
320 998 420 1040 casum
445 987 474 1040 et
497 981 634 1042 fortunae
657 980 762 1041 redere
786 981 930 1042 amioum.

117 1068 155 1127 Et
178 1070 237 1127 nisi
259 1070 298 1128 sit
321 1068 413 1147 ielix,
435 1085 501 1128 esse
525 1086 633 1147 negare
656 1087 744 1131 suum
755 1067 775 1146 .]

74 1155 139 1216 Non
161 1158 202 1215 ita
225 1157 362 1216 vixerunt
386 1155 526 1235 Strophio
553 1165 641 1235 atque
666 1159 882 1236 Agamemnone
910 1157 989 1236 nati,

117 1242 183 1304 Non
206 1243 279 1303 haee
302 1243 428 1321 Aegidae
452 1243 636 1322 Pirithoique
658 1245 749 1305 fides:

75 1331 154 1401 Quos
177 1334 260 1411 prior
283 1340 328 1391 est
352 1334 476 1410 mirata,
500 1349 628 1409 sequeus
652 1331 806 1393 mirabitur
830 1339 927 1411 aetas,

117 1420 151 1479 ln
175 1438 302 1498 quorum
324 1419 445 1499 plausus
469 1426 530 1479 tota
552 1419 666 1479 theatra
690 1428 813 1480 sonant.

75 1507 120 1567 Tu
144 1526 263 1587 quoque
285 1525 339 1586 per
362 1508 471 1567 durum
494 1515 609 1568 servato
632 1515 749 1586 tempus
772 1509 865 1568 amico

119 1595 230 1673 Dignus
254 1614 286 1655 es
308 1598 339 1655 in
364 1598 452 1656 tan-tis
476 1613 584 1656 nomen
607 1594 715 1656 habere
741 1597 826 1656 viris.

74 1683 185 1761 Dignus
210 1700 259 1762 es,
283 1692 330 1762 et,
354 1685 493 1762 quoniam
511 1683 628 1745 laudem
650 1685 759 1764 pietate
782 1685 923 1764 mereris,
947 1695 990 1747 (⁶⁷)

118 1770 183 1831 Non
207 1773 264 1831 erit
287 1772 376 1832 oiiioii
399 1774 492 1851 gratia
516 1771 605 1833 surda
627 1774 689 1836 tui.

75 1858 169 1919 Crede
194 1858 265 1919 mihi
278 1907 287 1939 ,
311 1870 446 1920 nostrum
470 1862 495 1920 si
518 1878 578 1921 nou
601 1861 724 1922 mortale
748 1861 882 1923 futurum
905 1868 951 1922 est

119 1946 266 2026 Carmen,
289 1949 320 2007 in
344 1965 395 2008 ora
419 1948 560 2026 frequens
583 1951 765 2028 posteritatis
789 1952 865 2011 eris.

73 2033 132 2095 Fae
156 2033 243 2095 modo
267 2053 439 2114 permaneas
461 2036 560 2117 lasso,
584 2036 749 2116 Graeciae,
772 2035 885 2119 fidelis,

119 2122 213 2193 [iuret
236 2131 265 2184 et
288 2126 319 2183 in
342 2123 443 2202 longas
466 2124 595 2204 impetus
617 2127 674 2186 iste
698 2143 813 2186 moras.

75 2211 156 2281 Quae
180 2217 212 2271 tu
237 2229 303 2271 aum
327 2220 482 2291 praestes,
505 2230 587 2271 remo
610 2222 708 2273 tamen
732 2220 801 2274 utor
824 2215 855 2274 in
879 2230 968 2293 aura,

118 2298 179 2359 Nec
202 2307 291 2360 uooet
314 2297 440 2359 admisso
465 2297 591 2358 subdere
616 2299 711 2360 oaloar
735 2318 831 2378 equo.

450 2490 526 2563 VII.

74 2649 148 2709 Esse
172 2649 330 2710 salutatum
353 2649 414 2711 vult
437 2657 467 2710 te
492 2667 556 2710 mea
578 2648 676 2709 littera
698 2647 827 2725 primum

118 2738 141 2797 A
166 2738 241 2798 male
264 2740 397 2817 pacatis,
420 2737 538 2818 Attice,
562 2739 652 2798 missa
675 2735 774 2797 Getis.

74 2825 212 2885 Proxima
236 2825 451 2905 subsequitur,
474 2826 543 2904 quid
567 2844 657 2905 agas,
681 2824 783 2886 audire
807 2824 960 2905 voluptas,
1000 2831 1001 2834 ’

119 2913 157 2973 Et
180 2916 206 2973 si
219 2961 227 2992 ,
252 2914 394 2992 quidquid
418 2915 500 2993 agis,
523 2916 562 2975 sit
585 2913 640 2976 tibi
662 2932 733 2975 cura
756 2917 832 2975 mei.

74 3001 135 3061 Neo
159 3000 262 3061 dubito
286 3004 357 3080 quin
381 3004 439 3062 sit.
482 3002 534 3063 sed
562 3021 608 3064 me
638 3011 737 3064 tumor
760 3005 824 3081 ipse
847 2999 991 3061 malorum

120 3088 214 3168 Saepe
238 3107 436 3169 supervacuos
459 3092 539 3168 cogit
560 3090 669 3151 habere
692 3099 810 3151 metus.

74 3176 116 3236 ba
140 3179 276 3256 veniam,
300 3196 432 3258 quaeso,
455 3180 605 3256 nimioque
628 3181 748 3255 ignosce
772 3175 889 3235 timori.

118 3264 303 3342 Tranquillas
327 3268 416 3326 etiam
438 3266 598 3343 naufragus
620 3264 724 3323 horret
746 3277 854 3339 aquas.

75 3352 132 3421 Qui
156 3353 248 3413 semel
272 3362 317 3413 est
338 3354 436 3414 laesus
459 3352 555 3412 iallaoi
577 3352 667 3429 piscis
691 3348 727 3409 ab
750 3348 854 3430 hamo,

120 3439 265 3500 Omnibus
288 3459 365 3502 unca
388 3439 462 3501 cibis
486 3456 553 3499 aera
576 3435 699 3497 subesse
722 3444 823 3517 putat.

75 3528 170 3607 Saepe
194 3546 295 3589 oanem
319 3527 405 3605 longe
429 3528 523 3587 visum
547 3524 622 3602 fugit
643 3540 735 3608 agna,
758 3524 919 3606 lupumque
