2386 3892
434 200 479 252 Ν.
499 201 629 251 ‘rr-140.
969 196 1033 264 287

116 364 214 424 Prima
238 364 317 423 leros
340 362 457 422 habitus
480 361 592 422 homini
615 360 764 423 detraxit:
797 361 835 423 ab
859 362 907 422 illa
976 374 1033 426 (11⁸)
1078 361 1080 365 ’

161 451 312 511 Venerunt
335 449 432 510 cultus
455 449 621 527 mundaque
646 467 717 510 cura
741 451 804 512 sul.

115 540 233 599 Primus
257 556 356 598 amans
380 555 498 598 carmen
522 536 671 615 vigilatum
693 546 780 598 nocte
804 544 909 617 negata

67 642 100 689 10
161 628 274 687 Dicitur
298 627 334 686 ad
357 626 470 686 clausas
494 627 682 685 concinuisse
705 626 802 686 iures:

115 716 331 793 Eloquiumque
356 715 411 774 luit
435 713 539 773 duram
563 731 684 773 exorare
707 713 853 795 puellam,

159 803 276 881 Proque
301 820 353 862 sua
376 819 464 862 causa
488 802 613 880 quisque
637 801 766 861 disertus
790 807 872 862 erat.

115 891 193 951 Mille
217 909 270 970 per
293 890 470 950 hanc‘artes
493 897 611 969 motaeq
636 889 792 967 studioque
815 888 948 969 placendi

160 978 240 1047 Quae
264 978 376 1039 latuere
399 980 504 1057 prius,
529 976 619 1037 multa
642 984 758 1056 reperta
783 978 898 1038 lerunt.
928 1030 932 1037 .

67 1079 99 1127 15
115 1066 197 1126 Hanc
222 1070 379 1144 quisquam
403 1064 488 1126 titulo
512 1066 621 1125 mensis
644 1064 771 1144 spoliare
793 1064 916 1127 secundi

160 1151 304 1215 Audeat?
338 1172 353 1214 a
376 1151 461 1213 nobis
485 1155 523 1213 sit
546 1153 629 1213 luror
651 1156 706 1213 iste
730 1153 850 1231 procul.

115 1242 214 1323 Quid,
238 1243 316 1321 quod
340 1240 450 1320 ubique
475 1247 581 1320 potens
604 1241 780 1320 templisque
804 1239 1009 1321 frequentibus

659 1336 760 1409 atleta,

158 1418 238 1479 Urbe
261 1426 359 1478 tamen
382 1424 484 1477 nostra
507 1419 554 1476 ius
578 1416 630 1476 dea
654 1417 749 1476 maius
772 1414 876 1477 habet.

114 1506 171 1566 Pru
195 1507 305 1586 Troia,
329 1505 482 1585 Romane,
505 1513 555 1565 tua
579 1503 678 1563 Venus
701 1521 780 1565 arma
803 1502 933 1585 lerebat,

66 1607 98 1655 20
160 1593 232 1654 Cum
256 1596 368 1672 gemuit
392 1601 523 1653 teneram
547 1592 669 1676 cuspide
691 1591 770 1652 laesa
793 1610 929 1654 manum:

113 1682 320 1760 Caelestesque
345 1681 417 1741 duas
441 1681 567 1741 Troiano
591 1680 688 1741 iudice
712 1682 799 1742 vicit:

157 1769 198 1830 A!
231 1770 321 1829 nolim
344 1771 435 1830 victas
459 1768 515 1829 hoc
539 1771 707 1829 meminisse
731 1769 817 1831 deas.

112 1858 307 1936 Assaracique
331 1875 435 1918 nurus·
449 1857 526 1917 dieta
550 1866 615 1938 est,
639 1864 673 1918 ut
697 1857 809 1919 scilicet
831 1857 899 1918 olim

157 1945 278 2023 Magnus
301 1944 398 2006 luleus
421 1944 527 2006 Caesar
550 1945 673 2006 baberet
696 1964 782 2006 avos.

66 2047 95 2093 25
111 2033 172 2093 Nec
196 2033 304 2094 Veneri
327 2042 464 2114 tempus,
483 2051 570 2112 quam
589 2052 661 2113 ver,
684 2042 748 2093 erat
766 2035 863 2112 aptius
885 2032 977 2094 ullum
995 2065 1027 2076 -

155 2121 229 2181 Vere
254 2124 349 2182 nitent
371 2131 490 2201 terrae,
513 2139 581 2181 vere
605 2123 747 2181 remissus
770 2138 839 2200 ager
861 2154 897 2168 -—

112 2209 211 2287 [Nunc
234 2209 342 2269 herbae
366 2217 453 2287 rupta
477 2206 582 2268 tellure
606 2210 758 2268 cacumina
780 2207 904 2288 tollunt,

156 2296 241 2357 Nunc
265 2297 377 2358 tumido
402 2313 531 2375 gemmas
555 2297 665 2354 cortice
688 2293 799 2371 palmes
822 2297 881 2372 agit
896 2294 916 2372 .]

111 2385 149 2445 Et
172 2386 299 2445 formosa
323 2384 421 2445 Venus
445 2385 574 2444 formoso
597 2390 730 2460 tempore
754 2379 841 2459 digna
864 2388 926 2463 est,

65 2487 95 2534 no
165 2472 260 2551 thue
286 2472 360 2533 solet
373 2520 382 2553 ,
405 2472 490 2532 Marti
513 2472 680 2531 continuata
705 2486 776 2529 suo.

111 2560 186 2621 Vere
207 2570 306 2620 monet
325 2578 428 2621 curvas
448 2567 578 2619 materna
597 2576 651 2637 per
674 2573 801 2635 aequora
823 2573 938 2635 puppes
970 2567 1027 2620 (¹¹⁹)

156 2649 202 2708 lre
214 2695 223 2728 ,
248 2667 302 2709 nec
326 2647 465 2708 hibernas
488 2649 546 2707 iam
570 2648 704 2707 timuisse
728 2646 838 2707 minas.

343 2786 369 2849 1.
394 2780 710 2864 CK·A[PRIL·N³

109 2911 178 2971 Rite
202 2911 285 2971 deam
310 2909 404 2971 culitis
428 2909 526 2971 Latiae
550 2918 718 2989 matresque
741 2929 894 2989 nurusque

155 2999 192 3057 Et
217 3016 289 3077 vos,
314 3002 379 3076 quis
403 3000 492 3059 vittae
514 2997 659 3078 longaque
683 3002 773 3060 vestis
796 2999 896 3058 abest.

64 3100 93 3147 35
111 3090 208 3147 Aurea
232 3104 396 3146 marmoreo
420 3086 593 3148 redimicula
616 3086 720 3148 solvite
744 3084 837 3163 collo,

155 3175 268 3235 Demite
293 3174 430 3234 divitias:
463 3185 522 3236 tota
546 3173 666 3235 lavanda
688 3173 742 3232 dea
765 3179 827 3230 est.

110 3266 206 3322 Aurea
231 3264 339 3322 siccato
364 3261 534 3322 redimicula
557 3260 671 3322 reddite
695 3257 787 3318 collo:

154 3351 239 3410 Nunc
264 3350 312 3410 alii
335 3349 423 3410 liores
436 3396 445 3429 ,
468 3367 548 3409 nunc
572 3364 645 3406 nova
668 3343 761 3404 danda
784 3359 850 3403 rosa
874 3350 936 3404 est.

111 3439 168 3498 Vos
192 3456 309 3516 quoque
333 3436 389 3496 sub
413 3437 498 3496 viridi
521 3442 616 3512 myrto
639 3430 722 3492 iubet
744 3433 807 3510 ipsa
830 3431 936 3494 lavari:

64 3538 94 3586 40
155 3526 327 3603 Causaque,
347 3539 400 3583 cur
419 3523 537 3600 iubeat,
556 3550 591 3562 -
609 3518 733 3581 discite!
753 3553 786 3564 ·-
805 3529 885 3584 certa
904 3518 1023 3584 subest.
1043 3599 1046 3603 Ι
