2386 3892
147 167 211 232 126
554 169 604 220 nx
621 169 741 220 rouro

279 334 376 394 Paene
399 335 488 394 etiam
511 333 617 393 merito
641 333 759 410 parcior
781 332 825 392 ira
847 348 914 393 meo
937 339 1001 392 est.

236 421 271 482 Ili
294 422 403 482 iaciant
424 421 537 499 igitur,
561 437 688 498 quorum
712 421 893 480 iustissimus
915 421 981 500 ipso
1004 428 1068 501 est,

171 523 221 571 100
280 509 362 569 Alma
385 508 457 569 nihil
481 508 576 568 maius
600 507 724 568 Caesare
747 514 827 567 terra
850 507 943 568 ierat:

240 595 349 677 [thue
372 596 424 657 diu
448 595 503 656 sub
527 615 562 656 eo
585 598 629 656 sio
652 597 691 656 sit
714 595 770 656 sub
793 595 918 656 Caesare
940 603 1041 676 terra,

281 684 397 764 Perque
420 702 525 744 manus
548 684 638 744 huius
661 679 768 744 tradita
791 676 895 762 gentis
911 682 990 760 eat]

236 775 274 834 At
301 781 334 834 tu
360 781 421 834 tam
447 772 584 854 placido,
613 789 702 850 quam
729 789 784 831 nos
812 788 930 850 quoque
958 774 1107 834 sensimus

784 859 884 940 illum,
1126 875 1154 924 1⁹)

281 950 382 1011 ludioe
405 967 459 1029 pro
482 950 611 1010 lacrimis
634 966 686 1009 ora
709 948 824 1009 resolve
846 949 942 1009 meis.

174 1048 223 1099 105
237 1036 303 1098 Non
327 1039 438 1117 petito,
461 1044 495 1097 ut
517 1036 592 1096 bene
615 1039 675 1116 sit3
699 1036 751 1097 sed
771 1038 816 1097 utl
833 1035 909 1097 male
927 1037 1041 1116 tutius,
1063 1044 1153 1116 utque

282 1125 410 1186 Exilium
433 1142 519 1185 saevo
543 1125 633 1185 distet
655 1123 691 1185 ab
714 1124 799 1185 hoste
821 1141 939 1186 meum:

239 1213 390 1292 Quamque
414 1213 522 1274 dedere
545 1213 617 1273 mibi
639 1214 806 1292 praesentia
828 1213 950 1273 numina
972 1213 1079 1292 vitam,

281 1301 347 1362 Non
370 1301 479 1362 adimat
501 1302 604 1362 siricio
628 1300 780 1380 squalidus
803 1318 874 1361 ense
896 1299 1005 1362 Getes:

238 1389 393 1470 Denique,
417 1391 441 1449 si
465 1391 595 1469 moriar,
620 1388 741 1449 subeam
764 1391 897 1468 pacatius
920 1405 1041 1468 aratam,

174 1491 223 1539 110
283 1477 357 1538 Ossa
379 1495 435 1538 nec
457 1496 474 1537 a
497 1476 634 1557 Scythica
656 1485 757 1537 nostra
780 1483 955 1555 premantur
978 1476 1088 1557 humo,
1139 1486 1144 1495 ·

238 1566 299 1626 Neo
321 1565 397 1625 male
421 1568 621 1646 compositos,
644 1572 678 1626 ut
701 1565 815 1626 scilicet
838 1564 939 1625 exsule
962 1563 1100 1644 dignum,

282 1652 407 1713 Bistonii
430 1655 545 1714 cineres
568 1653 678 1732 ungula
699 1653 798 1732 pulset
820 1655 908 1732 equi:

239 1739 277 1800 Et
299 1759 359 1820 ne,
382 1742 408 1800 si
431 1748 568 1819 superest
591 1741 696 1820 aliquis
719 1748 787 1820 post
809 1742 914 1801 lunera
938 1757 1061 1821 sensuS,

282 1828 406 1888 Terreat
429 1836 459 1889 et
481 1846 582 1889 manes
606 1829 747 1889 Sarmatis
770 1828 874 1889 umbra
897 1846 1001 1889 meos.

174 1929 224 1976 115
240 1917 372 1979 Caesaris
395 1915 468 1977 baec
491 1919 621 1977 animum
643 1924 780 1996 poterant
803 1916 902 1977 audita
924 1933 1062 1998 movere,

284 2004 429 2084 Maxime,
455 2006 615 2065 movissent
638 2007 664 2066 si
687 2012 785 2065 tamen
808 2012 875 2065 ante
898 2012 1001 2066 tuum.

239 2092 322 2172 Vox,
345 2110 473 2172 precor,
496 2092 643 2171 Augustas
665 2109 719 2171 pro
742 2110 789 2153 me
812 2101 863 2154 tua
886 2091 998 2154 molliat
1019 2110 1118 2171 aures,

284 2179 399 2264 Arrxilio
422 2181 546 2258 trepidis
565 2198 639 2259 quae
664 2180 739 2241 solet
761 2198 828 2242 esse
851 2183 929 2243 reis:

239 2269 427 2346 Adsuetaque
450 2267 506 2328 tibi
528 2268 631 2330 doctae
655 2269 809 2330 dulcedine
832 2268 949 2348 linguae

176 2368 225 2416 120
285 2357 437 2436 lequandi
459 2359 576 2436 superis
598 2365 720 2437 pectora
742 2357 828 2418 ilecto
851 2359 924 2418 viri.

239 2445 305 2506 Non
327 2443 381 2506 tibi
404 2444 609 2507 Theromedon
633 2445 803 2524 crudusque
826 2444 979 2524 rogabitur
1001 2444 1118 2520 Atreus,

286 2534 401 2612 Quique
426 2535 488 2595 suis
511 2532 645 2595 homines
667 2533 773 2613 pabula
796 2533 867 2594 fecit
890 2536 993 2612 equis:

241 2622 298 2683 Sed
321 2624 405 2701 piger
428 2623 464 2682 ad
487 2639 596 2701 poenas
619 2623 780 2701 princeps,
803 2621 839 2682 ad
861 2623 993 2701 praemia
1014 2618 1094 2681 velox
1101 2665 1109 2699 ,

286 2709 401 2788 Quique
426 2709 505 2770 dolet
517 2756 526 2790 ,
555 2712 692 2788 quotiens
716 2712 831 2789 cogitur
854 2726 919 2770 osse
944 2710 1044 2771 lerox.

176 2808 225 2857 125
242 2795 298 2866 Qui
323 2799 391 2857 vicit
415 2815 554 2878 semper,
576 2800 662 2860 victis
685 2806 719 2859 ut
742 2815 865 2876 parcere
887 2805 1006 2876 posset,
1108 2800 1150 2854 11⁰)

286 2883 397 2944 Clausit
420 2893 450 2946 et
473 2894 591 2947 aeterna
614 2888 705 2947 civica
727 2885 803 2947 bella
826 2902 910 2947 scra:

241 2971 330 3033 Multa
353 2979 435 3032 metu
458 2991 591 3052 poenae,
614 2992 708 3053 poena
732 2977 782 3053 qui
805 2991 899 3052 pauca
922 2979 1055 3050 coercet,

285 3060 323 3120 Et
346 3061 416 3120 iacit
438 3061 530 3120 invita
552 3061 674 3123 fulmina
696 3081 763 3122 rara
785 3079 891 3123 manu.

210 3142 218 3152 '
240 3149 318 3228 Ergo
342 3157 401 3210 tam
424 3147 552 3227 placidas
576 3159 675 3212 orator
698 3153 806 3211 missus
830 3151 866 3210 ad
888 3167 994 3228 aures,

177 3248 226 3297 130
285 3235 323 3298 Ut
344 3238 467 3317 propior
489 3240 600 3317 patriae
624 3241 662 3300 sit
685 3239 753 3318 luga
776 3245 900 3318 nostra,
922 3255 1011 3318 roga.

241 3324 291 3386 llle
316 3343 369 3405 ego
394 3343 481 3405 sum,
505 3329 556 3405 qui
580 3334 609 3387 te
633 3326 732 3407 colui,
756 3344 844 3405 quem
868 3327 944 3387 festa
967 3321 1073 3386 solebat

285 3412 366 3474 lnter
391 3417 528 3475 convivas
550 3432 652 3476 mensa
675 3414 775 3475 videre
799 3422 884 3475 tuos:

240 3498 292 3561 llle
316 3518 391 3582 ego,
415 3504 467 3581 qui
489 3502 560 3565 duxi
583 3511 698 3564 vestros
719 3501 909 3582 Hymenaeon
932 3501 969 3565 ad
990 3503 1084 3580 ignes,
