2386 3892
90 179 156 244 270
496 176 690 229 rnsroauu

223 341 373 422 Mergetur
395 343 477 402 risus
500 342 679 419 effugietque
702 348 788 401 tuos.

179 431 217 492 At
240 448 300 491 non
323 431 444 508 effugiet
467 428 670 490 vindemitor.
710 427 767 488 hoc
791 444 910 508 quoque
933 447 1050 492 causam

223 517 307 579 Unde
331 516 427 578 trahat
449 517 554 596 sidus,
577 533 665 594 parra
689 514 797 577 docere
820 533 903 577 mora
926 529 990 580 est.

178 604 320 685 Ampelon
343 608 494 666 intonsum
518 612 616 684 satyro
639 603 825 683 nymphaque
847 613 982 667 creatum

112 706 164 756 410
222 694 331 755 Fertur
353 696 384 754 iu
407 693 537 754 Ismariis
560 691 693 752 Bacchus
716 709 829 752 amasse
853 694 950 771 iugis.

181 781 327 860 [Tradidit
350 781 418 842 huic
443 783 532 842 vitem
554 778 733 858 pendentem
755 778 911 842 frondibus
933 780 1019 857 ulmi,

167 941 173 957 ¹
224 869 305 941 Quae
328 887 408 932 nunc
430 868 467 930 de
490 870 577 948 pueri
599 869 720 929 nomine
741 885 850 929 nomeu
873 867 994 948 habeo]

179 959 255 1019 llam
279 958 350 1036 legit
372 960 403 1018 in
427 975 508 1017 ramo
532 958 627 1036 pictas
649 958 826 1018 temerarius
849 974 940 1039 uras,

223 1045 359 1107 Decidit.
400 1046 540 1106 amissum
564 1042 653 1105 Liber
676 1045 708 1106 in
731 1051 809 1105 astra
831 1043 918 1106 tulit.

91 1181 1075 1249 a.AN³nocbmeresaneorum-namuurums<

112 1321 165 1371 415
180 1309 288 1371 Sextus
310 1307 362 1369 ubi
385 1306 502 1368 Oceano
526 1306 668 1367 clivosum
691 1307 807 1368 scandit
830 1305 988 1389 Olympum

223 1396 382 1476 Phoebus,
405 1405 435 1456 et
457 1395 539 1456 alatis
562 1395 682 1455 aethera
705 1397 800 1474 carpit
822 1398 928 1476 equis,

179 1485 320 1564 Quisquis
343 1484 413 1544 ades
436 1493 592 1562 castaeque
615 1481 689 1543 colis
712 1483 874 1562 penetralia
896 1483 1019 1566 Vestae,

226 1573 371 1652 Gratare,
393 1570 489 1632 lliacis
512 1580 638 1649 turaque
661 1589 738 1649 pone
762 1571 853 1632 iocis.

179 1660 312 1722 Caesaris
335 1661 520 1739 innumeris,
545 1677 603 1739 quo
625 1658 729 1720 maluit
751 1658 800 1719 ille
824 1661 951 1739 mereri,

113 1761 166 1810 420
225 1748 358 1808 Accessit
381 1748 474 1807 titulis
497 1745 674 1826 pontificalis
696 1746 809 1808 honor.

180 1835 301 1915 ignibus
324 1836 453 1895 aeternis
476 1837 589 1896 aeterni
612 1836 734 1896 numina
755 1843 900 1915 praesunt

181 1984 184 1989 ,
224 1922 379 1983 Caesaris:
411 1924 529 2001 imperii
552 1925 674 2001 pignora
697 1925 797 1984 iuncta
821 1923 920 1984 vides.

179 2011 214 2072 lli
237 2012 346 2081 veteris
370 2008 497 2090 Troiae,
521 2010 692 2088 dignissima
715 2010 824 2089 praeda
847 2011 973 2094 ferenti,

223 2096 287 2168 Qua
309 2100 405 2177 gravis
428 2098 542 2158 deneas
566 2105 659 2183 tutus
672 2098 708 2159 ab
732 2098 817 2159 hoste
841 2097 915 2160 fuit!

62 2257 64 2262 .
112 2199 164 2248 425
179 2186 271 2248 Ortus
294 2185 330 2246 ab
353 2186 452 2246 Aenea
474 2188 568 2264 tangit
591 2193 714 2266 cognata
737 2186 876 2248 sacerdos

222 2274 371 2336 Numina:
404 2282 583 2356 cognatum,
607 2273 715 2354 Vesta,
737 2283 823 2336 tuere
847 2282 951 2353 ceput.

179 2362 259 2434 Quos
283 2370 383 2424 sancta
406 2362 487 2423 fovet
507 2361 556 2423 ille
580 2380 690 2443 mauu,
713 2361 790 2423 bene
814 2364 910 2424 vivitis
932 2364 1032 2442 ignes.

225 2451 319 2513 Vivite
341 2453 496 2512 inextinoti
508 2497 517 2530 ,
540 2450 717 2529 flammaque
739 2452 882 2530 duxque,
905 2468 1029 2530 precor.

469 2588 498 2652 7.
521 2585 718 2654 BNON·F

179 2714 242 2775 Una
266 2722 335 2775 nota
358 2723 404 2776 est
426 2715 512 2775 Marti
534 2714 644 2775 Nouis:
677 2722 790 2775 sacrata
813 2714 893 2792 quod
916 2713 973 2774 illis

113 2815 165 2865 430
223 2801 344 2881 Templa
366 2811 472 2882 putant
494 2803 577 2864 lucos
602 2801 737 2863 Vediovis
760 2808 829 2862 ante
851 2802 944 2863 duos.

179 2888 322 2950 Romulus
346 2900 379 2950 ut
401 2908 472 2951 saxo
495 2891 596 2952 lucum
619 2889 815 2952 circumdedit
836 2889 914 2970 alto,

224 2972 371 3049 ‘Quilibet
393 2973 468 3038 buc’
493 2980 591 3057 inquit
614 2973 780 3057 ε00010ςο,
803 2985 887 3039 tutus
909 2971 1002 3038 eris.'

179 3066 205 3128 0
229 3084 317 3146 quam
340 3064 376 3126 de
400 3068 483 3126 tenui
506 3064 656 3128 Romanus
679 3068 794 3144 origine
817 3067 928 3147 crevit,

224 3154 324 3215 Turba
346 3164 432 3214 vetus
455 3172 544 3233 quam
567 3172 626 3215 non
648 3154 791 3215 invidiosa
815 3151 888 3214 initi

113 3252 165 3303 430
179 3242 223 3302 Νο
246 3250 346 3302 tamen
368 3245 471 3321 ignaro
495 3244 608 3303 novitas
631 3241 685 3303 tibi
708 3242 836 3301 nominis
860 3239 974 3320 obstet,

224 3329 310 3390 Disce
322 3376 331 3411 ‚
355 3333 422 3409 quis
445 3332 502 3391 iste
526 3329 621 3409 deus,
644 3347 734 3391 curre
757 3336 881 3390 vocetur
903 3329 960 3388 ita.

180 3416 312 3494 luppiter
336 3427 382 3479 est
404 3419 540 3479 iuvenis.
581 3417 724 3478 iuvenalis
747 3419 847 3496 aspice
869 3415 982 3476 voltus:

224 3502 331 3582 Aspice
354 3505 461 3566 deinde
474 3551 484 3586 ,
508 3524 596 3566 manu
620 3504 742 3566 fulmina
765 3503 845 3567 00110
867 3513 965 3566 tenet.
