2386 3892
155 205 217 270 198
291 176 295 183 ’
559 206 608 256 ux
624 205 743 256 rouro

193 383 226 432 70
286 370 384 429 Gloria
406 368 556 429 Pieridum
580 385 693 428 summa
715 369 835 429 iuturus
859 386 942 429 eras.

242 457 299 518 Sed
322 458 392 518 dare
416 459 566 517 materiam
590 456 696 537 nohis,
720 474 808 535 quam
831 458 984 536 carmina,
1007 461 1116 519 mavis:

285 546 345 606 Neo
369 554 466 606 lamen
490 563 526 604 ex
549 554 610 605 lota
635 545 773 604 deserere
796 543 844 604 illa
867 553 970 623 poles.

240 633 313 694 Nam
336 633 422 693 modo
445 631 520 693 bella
544 635 645 715 geris,
668 635 800 693 numeris
823 632 910 693 modo
934 632 1024 695 verba

786 737 925 799 coerces,
1099 736 1153 784 pn,

285 808 429 888 Quodque
453 809 516 869 aliis
540 827 614 888 opus
638 817 705 888 est,
729 808 785 868 hoc
808 807 864 868 tibi
886 808 970 869 lusus
993 811 1067 871 erit.

193 909 226 959 '15
240 896 337 978 thue
360 916 416 959 nee
439 897 476 959 ad
499 897 662 977 citharam,
685 915 740 957 nee
763 896 798 956 ad
823 914 924 957 arcum
947 899 1047 975 segnis

785 984 888 1064 Apollo
912 993 975 1066 est,

286 1073 343 1134 Sed
367 1075 447 1134 veuit
469 1073 505 1134 ad
528 1090 626 1133 sacras
650 1091 759 1134 nervus
782 1081 909 1151 uterque
932 1090 1054 1154 manus,

242 1161 290 1222 Sic
314 1161 367 1222 tihi
390 1178 444 1222 neo
468 1160 548 1221 docti
560 1208 569 1242 ,
592 1179 647 1222 nee
670 1161 778 1222 desunt
799 1162 943 1240 principis
967 1171 1062 1241 artes,

284 1248 373 1310 lllixla
397 1249 448 1310 sed
472 1256 518 1310 est
542 1251 637 1309 animo
661 1267 729 1310 eum
752 1248 819 1309 lore
842 1248 925 1311 Musa
949 1258 1018 1311 tuo.

240 1337 320 1409 Quae
344 1341 481 1416 quoniam
505 1355 560 1398 nec
583 1356 637 1398 nos
659 1338 739 1398 unda
762 1339 920 1399 summarii
943 1338 980 1399 ab
1003 1338 1067 1419 illa,

192 1438 226 1487 80
284 1424 397 1505 Ungula
420 1426 567 1504 Gorgonei
591 1443 678 1504 quam
701 1444 769 1486 cara
792 1426 864 1486 lecit
887 1427 975 1506 equi,

240 1514 358 1594 Prosit,
381 1532 525 1593 opemque
550 1514 624 1575 ierat
647 1517 814 1575 eommunia
837 1532 919 1575 sacra
943 1516 1038 1596 tueri,

284 1604 379 1680 Atque
403 1602 496 1662 isdem
519 1602 625 1662 studiis
647 1604 815 1682 inposuisse
837 1620 976 1665 manum:

241 1689 338 1750 Litora
362 1683 470 1767 pellitis
494 1691 617 1750 nimium
641 1689 773 1751 subiecta
796 1690 920 1752 Corallis

284 1775 322 1837 m
345 1777 463 1837 tandem
487 1795 589 1838 saevos
612 1780 808 1857 effugiamque
832 1778 938 1840 Getas:

193 1876 226 1927 85
241 1864 403 1943 Clausaque
428 1867 453 1924 si
476 1868 583 1926 misero
607 1869 701 1944 patria
724 1875 787 1948 est,
810 1874 844 1928 ut
866 1885 960 1946 ponar
983 1869 1013 1927 in
1037 1866 1104 1947 illo,

285 1953 341 2023 Qui
365 1955 463 2013 minus
485 1953 614 2014 Ausonia
638 1954 733 2014 distel·
750 1954 785 2014 ab
808 1954 911 2036 Urbe,
933 1955 1016 2036 loco,

242 2041 323 2101 Unde
347 2050 413 2101 tuas
436 2044 547 2119 possim
570 2041 671 2103 laudes
695 2042 845 2105 celebrare
868 2052 1005 2104 recantas

283 2129 444 2208 Magnaque
468 2147 555 2208 qnam
580 2132 699 2191 minima
722 2131 798 2193 laeta
821 2131 934 2192 referre
959 2149 1057 2191 mora.

240 2217 351 2296 Tangat
375 2227 408 2277 ut
430 2217 486 2278 hoo
511 2224 610 2279 votum
634 2218 794 2298 caelestia,
817 2236 884 2279 aare
909 2218 1015 2300 Suilli,

174 2317 222 2377 ,90
280 2305 428 2384 Numina,
451 2323 505 2385 pro
529 2324 632 2367 socero
655 2324 748 2384 paene
772 2324 895 2386 precare
918 2316 988 2368 luo.

593 2498 707 2586 VIIII,

239 2655 322 2717 Unde
346 2657 437 2736 licet,
460 2676 519 2719 non
544 2657 622 2718 unde
645 2660 747 2737 iuvat,
771 2657 914 2719 Graecine
927 2705 937 2740 ,
960 2657 1081 2720 salutm

284 2743 373 2805 llillit
397 2745 432 2805 ab
456 2747 578 2808 Euxinis
602 2745 678 2806 hano
700 2747 755 2808 tihi
778 2745 855 2806 Naso
878 2742 978 2807 vadis.

240 2829 408 2910 Missaque,
431 2833 462 2894 di
485 2835 593 2895 iaciant
605 2881 614 2915 ,
638 2852 774 2895 auroram
798 2843 936 2895 occurrat
958 2833 995 2895 ad
1018 2833 1110 2913 illam,

284 2917 333 2979 Bis
357 2936 445 2979 senos
468 2922 562 2982 lasces
585 2940 660 3000 quae
683 2922 739 2983 tibi
760 2924 854 3000 prima
878 2920 979 2983 dabit:

210 3005 298 3085 5Ul,
323 3009 460 3086 quoniam
483 3010 547 3069 sine
571 3027 617 3070 me
642 3019 743 3089 langas
766 3009 907 3089 Capitolia
930 3009 1034 3071 consul
1095 3020 1143 3072 (12⁵)

284 3094 321 3155 El
344 3096 410 3155 liam
435 3095 538 3156 turbae
562 3116 630 3176 pars
654 3117 708 3177 ego
731 3098 810 3159 nulla
834 3106 921 3178 tuae,

239 3182 273 3243 ln
297 3184 408 3244 domini
431 3183 536 3245 subeat
558 3195 657 3264 parles
681 3194 711 3247 et
733 3192 865 3265 praestet
887 3187 975 3247 amici

283 3271 421 3333 Officium
443 3275 522 3335 iusto
545 3273 642 3334 littera
665 3283 766 3335 nostra
790 3274 855 3335 die.

240 3357 336 3437 Atque
360 3378 413 3438 ego
437 3364 462 3421 si
486 3363 553 3423 latis
575 3363 692 3440 genitus
716 3361 889 3423 melioribus
911 3379 1007 3424 essem

192 3456 224 3505 10
283 3445 321 3505 Εῑ
343 3465 408 3506 mea
430 3451 547 3510 sincero
571 3460 707 3510 curreret
729 3468 782 3510 axe
805 3457 887 3530 rota,

239 3531 303 3603 Quo
323 3551 403 3595 nunc
426 3546 527 3598 nostra
545 3555 650 3598 manus
669 3556 724 3617 per
738 3540 882 3618 seriptum
905 3538 1139 3619 iungitur,.assel
