2386 3892
90 199 154 263 104
442 203 444 207 ·
536 162 646 252 mnus

179 364 215 424 lli
239 362 367 443 melius3
393 381 520 442 quorum
543 362 629 441 longe
653 362 725 423 mibi
749 366 894 426 maximus
916 365 966 426 ille
989 374 1049 447 est,

224 452 282 523 Oui
304 458 421 512 nostras
444 453 547 530 inopes
570 449 666 511 noluit
688 469 755 512 esse
772 454 856 513 vias.

131 551 164 600 55
179 538 254 600 Η515
278 541 369 618 igitur
393 541 512 599 meritas
536 546 656 619 grates,
679 537 859 620 ubicumque
882 540 999 622 licebit,

223 627 281 688 Pro
304 635 364 688 tam
386 634 541 688 mansueto
564 636 685 705 pectore
709 645 827 707 semper
849 646 948 707 agam.

178 716 285 777 Audiat
307 716 364 776 boc
387 714 522 776 Pontus.
551 714 638 775 faciet
661 733 780 795 quoque
804 715 927 778 forsitan
949 716 1044 798 idem,

225 803 318 864 Terra
341 805 379 864 sit
401 812 435 864 ut
457 804 580 881 propior
602 803 784 865 testificanda
806 803 895 865 mibi.

178 893 216 953 At
238 891 314 972 tibi,
338 891 456 952 calcasti
480 893 531 970 qui
553 909 624 970 me,
646 889 796 966 violente,
818 893 986 975 iacentem,

131 992 165 1041 30
225 980 289 1050 Qua
312 979 381 1040 licet
404 977 453 1040 ei!
486 981 616 1058 misero,
639 977 757 1039 debitus
780 978 873 1040 hostis
896 998 967 1042 ero.

178 1067 301 1128 Desinet
324 1084 389 1127 esse
412 1069 496 1145 prius
519 1069 686 1128 contrarius
709 1065 827 1145 ignibus
850 1085 954 1150 umor,

222 1155 385 1234 Iunctaque
409 1173 477 1216 cum
499 1154 568 1215 luna
591 1153 701 1215 lumina
724 1154 794 1215 solis
818 1163 923 1235 erunt3

180 1243 311 1322 Parsque
334 1244 436 1304 eadem
460 1242 534 1303 caeli
555 1242 699 1322 zephyros
723 1238 837 1303 emittet
860 1251 891 1304 et
913 1261 1019 1323 euros,

223 1331 261 1392 Et
285 1331 402 1410 tepidus
425 1330 521 1410 gelido
544 1330 626 1391 tiabit
649 1330 685 1391 ab
709 1349 761 1392 axe
785 1337 892 1412 notus3

131 1431 164 1480 35
179 1419 217 1479 Et
240 1437 314 1480 nova
337 1419 468 1481 fraterno
491 1420 590 1479 veniet
613 1419 770 1480 concordia
793 1418 893 1499 sumo,

226 1508 320 1578 Quem
343 1516 429 1569 vetus
452 1524 575 1568 accensa
599 1515 715 1587 separat
737 1509 893 1587 ira.pyra;

179 1594 217 1656 Et
240 1613 291 1655 ver
315 1602 478 1674 autumno,
501 1593 624 1657 brumae
647 1593 820 1656 miscebitur
843 1601 956 1675 aestas,

224 1682 320 1761 Atque
344 1683 447 1744 eadem
470 1685 551 1760 regio
575 1701 680 1762 vesper
703 1690 734 1744 et
756 1689 840 1743 ortus
863 1685 939 1744 erit:

180 1771 274 1841 Quam
303 1769 375 1830 mihi
406 1771 445 1830 sit
476 1776 575 1831 tecum
605 1773 728 1852 positis,
755 1788 830 1849 quae
860 1771 1055 1850 sumpsimus,

727 1874 816 1919 armis

131 1958 165 2006 40
225 1944 345 2026 Gratia,
368 1947 554 2026 commissis,
576 1945 733 2026 improbe,
756 1953 843 2025 rupta
866 1947 943 2008 tuis.

131 2045 164 2094 43
179 2032 239 2093 Pax
263 2035 320 2093 erit
342 2033 415 2094 baec
437 2032 541 2113 nobis,
564 2034 659 2095 donec
680 2032 753 2095 mibi
775 2036 835 2095 vita
857 2032 1004 2115 mauebit,
1051 2035 1076 2087 (³)

224 2120 298 2182 Cum
320 2139 430 2199 pecore
452 2122 569 2182 infirmo
594 2139 668 2200 quae
692 2121 768 2182 solet
790 2140 856 2183 esse
879 2121 973 2201 lupis.

132 2219 167 2270 45
181 2208 279 2269 Prima
303 2208 422 2288 quidem
446 2217 551 2288 coepto
575 2211 755 2270 committam
777 2208 889 2289 proelia
912 2226 1017 2290 versu,

225 2297 290 2357 Non
314 2296 427 2357 soleant
451 2300 583 2377 quamvis
606 2297 662 2358 hoc
685 2297 761 2377 pede
784 2296 860 2358 bella
883 2299 965 2375 geri:

179 2384 275 2464 thue
298 2388 373 2465 petit
394 2387 490 2465 primo
513 2386 634 2464 plenum
656 2385 790 2446 flaventis
813 2385 940 2447 harenae

224 2473 362 2535 Nondum
386 2472 500 2535 calfacti
524 2472 625 2534 militis
648 2472 731 2534 hasta
754 2473 869 2554 solum,

182 2561 231 2623 Sic
256 2580 309 2640 ego
333 2571 362 2622 te
386 2562 518 2623 nondum
541 2562 621 2622 ferro
644 2559 795 2624 iaculabor
817 2568 923 2642 acuto,

133 2661 166 2710 55
225 2649 365 2711 Protinus
389 2652 516 2710 invisum
539 2666 595 2710 nec
617 2657 699 2729 petet
722 2649 804 2710 hasta
829 2656 935 2730 caput3

181 2736 218 2797 Et
242 2755 339 2815 neque
362 2755 472 2798 nomen
494 2740 525 2798 in
549 2737 605 2798 hoc
617 2785 627 2818 ,
650 2755 705 2798 nec
729 2738 824 2798 dicam
848 2737 924 2798 iacta
941 2733 1052 2814 libello,

226 2823 327 2902 'leque
351 2823 456 2905 brevi,
479 2827 531 2904 qui
554 2828 617 2907 sis,
640 2825 826 2886 dissimulare
849 2827 960 2886 sinam.

180 2910 361 2991 Postmodo,
384 2914 410 2972 si
432 2930 561 2994 perges,
583 2915 614 2974 in
637 2920 667 2974 tc
690 2912 762 2974 mibi
785 2912 861 2974 liber
883 2910 997 2974 iambus

225 2998 329 3060 Tincta
351 2998 516 3078 Lycambeo
540 3003 681 3080 sanguine
705 3001 763 3063 tela
786 2999 886 3062 dabit.

134 3101 167 3150 55
182 3087 267 3148 Nunc
291 3105 350 3167 quo
373 3086 521 3148 Battiades
545 3091 697 3150 inimicum
720 3089 844 3150 devovet
865 3087 948 3169 lbin,

225 3175 288 3236 Hoc
311 3194 366 3254 ego
390 3176 517 3237 devoveo
541 3184 629 3255 teque
653 3184 780 3257 tuosque
802 3176 910 3238 modo.

180 3263 277 3343 thue
300 3263 374 3346 illc,
397 3264 530 3325 historiis
553 3265 698 3325 involvam
722 3266 852 3326 carmina
875 3265 987 3325 caecis:

225 3351 290 3412 Non
313 3352 423 3413 soleam
447 3354 579 3432 quamvis
602 3352 658 3413 boc
682 3371 776 3432 genus
798 3355 863 3433 ipse
886 3351 985 3432 sequi.

180 3437 264 3499 lilius
288 3439 425 3519 ambages
448 3442 580 3501 imitatus
603 3443 634 3501 in
657 3439 738 3502 lbide
762 3441 844 3502 dicar

133 3539 166 3588 55
226 3524 343 3587 Oblitus
366 3530 458 3589 moris
481 3529 642 3608 iudiciique
664 3531 740 3590 mei.
