2386 3892
412 204 458 258 lv,
477 207 625 257 aaa-418.
953 203 1017 268 295

105 367 180 427 Ante
204 375 322 445 tamen,
346 385 432 445 quam
456 385 569 426 summa
591 367 654 427 dies
678 365 844 446 spectacula
867 366 968 447 sistat,

150 453 274 532 Ensiger
297 453 387 514 Orion
411 472 538 533 aequore
562 472 677 515 mersus
701 457 775 515 erit.

319 592 369 654 10.
392 589 714 655 DNnvn·1u·011e

105 717 241 776 Proxima
265 719 416 776 victricem
439 734 506 775 cum
529 715 651 774 Romam
673 718 835 793 inspexerit
857 717 933 797 llos,

62 816 91 863 ao
151 805 188 863 Et
211 804 326 862 dederit
349 801 467 861 Phoebo
492 803 574 862 stella
597 804 694 880 iugata
718 801 832 876 locum,

106 892 211 952 Circus
235 893 293 950 crit
314 907 421 968 pompa
445 889 560 950 celeber
584 907 765 968 numeroque
790 890 931 971 deorum,

151 979 308 1056 Primaque
332 979 461 1038 ventosis
483 977 577 1056 palma
600 984 719 1057 petetur
742 980 843 1056 equis.

216 1117 264 1178 11.
287 1113 352 1178 EN
400 1116 448 1178 12.
472 1114 534 1179 FN
553 1132 826 1181 uvoronnnnr

110 1237 182 1298 Hinc
206 1240 323 1300 Cereris
346 1241 429 1300 ludi.
471 1258 529 1300 non
554 1250 599 1300 est
621 1258 695 1319 opus
718 1240 815 1301 indice
839 1261 944 1322 causa3

155 1327 262 1404 Sponte
286 1328 357 1388 deae
381 1345 489 1387 munus
511 1330 763 1405 promeritumque
787 1336 883 1406 patet.

62 1427 96 1475 95
111 1414 211 1474 lilessis
236 1424 298 1475 erat
320 1419 424 1494 primis
448 1416 555 1475 virides
579 1415 751 1475 mortalibus
775 1415 901 1498 herbae,

155 1504 231 1572 Quas
255 1502 341 1563 tellus
365 1502 444 1563 nullo
468 1503 642 1563 sollicitante
666 1502 770 1583 dabat3

111 1590 149 1649 Et
171 1591 254 1650 modo
279 1590 438 1668 carpebant
461 1594 543 1650 vivax
566 1591 602 1650 de
626 1592 754 1667 caespite
778 1607 915 1672 gramen,

154 1676 238 1737 Nunc
260 1678 362 1757 epulae
386 1687 487 1739 tenera
510 1678 614 1739 fronde
638 1695 778 1739 cacumen
802 1687 902 1740 erant.

110 1764 264 1824 Postmodo
288 1766 369 1845 glans
393 1775 459 1826 nata
483 1775 548 1827 est.
590 1767 665 1827 bene
689 1773 752 1826 erat
774 1769 831 1826 iam
855 1767 958 1844 glande

653 1862 788 1934 reperta,

62 1954 96 2000 00
155 1939 289 2019 Duraque
313 1944 479 2020 magnificas
503 1961 631 2022 quercus
654 1941 780 2001 habebat
803 1961 891 2021 opes.

109 2028 206 2088 Prima
230 2029 317 2089 Ceres
341 2031 458 2090 homine
482 2031 516 2090 ad
541 2031 661 2091 meliora
684 2029 820 2090 alimenta
844 2039 945 2092 vocato

153 2115 274 2176 Mutavit
297 2117 416 2194 glandes
440 2119 556 2177 utiliore
580 2118 663 2178 cibo.

109 2203 160 2262 llla
184 2206 251 2281 iugo
275 2212 376 2264 tauros
400 2204 507 2263 collum
530 2203 673 2282 praebere
697 2207 810 2280 coegit:

153 2291 236 2350 Tunc
260 2294 389 2369 primum
412 2291 489 2351 soles
513 2300 595 2350 eruta
619 2291 691 2350 vidit
712 2291 838 2350 humus.

62 2390 94 2438 05
109 2377 165 2438 Aes
189 2388 252 2438 erat
275 2381 304 2438 in
328 2381 446 2458 pretio,
470 2377 616 2456 chalybeia
640 2394 735 2436 massa
757 2376 882 2439 latebat:

152 2466 257 2545 Eheu,
282 2473 426 2544 perpetuo
449 2466 551 2527 debuit
573 2464 621 2524 illa
645 2463 722 2543 legii

109 2553 184 2612 Pace
209 2553 298 2613 Ceres
321 2553 395 2613 laeta
419 2562 484 2634 est3
508 2562 538 2614 et
560 2571 612 2612 vos
635 2560 717 2613 orate
730 2598 739 2630 ,
763 2550 876 2634 coloni,

152 2641 328 2719 Perpetuam
352 2659 454 2719 pacem
477 2642 689 2720 pacificumque
713 2639 835 2700 ducem.

108 2728 197 2789 Farra
221 2730 291 2789 deae
315 2732 466 2808 micaeque
489 2729 559 2789 licet
582 2727 712 2787 salientis
734 2727 877 2789 honorem

63 2827 94 2873 10
154 2816 234 2875 lictis
247 2862 255 2895 ‚
280 2825 310 2876 ct
331 2820 362 2877 in
386 2825 501 2877 veteres
523 2826 608 2877 turea
631 2833 721 2893 grana
744 2816 842 2898 iocos3

109 2900 168 2978 Et,
192 2905 218 2961 si
240 2910 306 2964 tura
329 2905 476 2985 aberunt,
500 2912 604 2964 unctas
628 2904 779 2965 accendite
801 2907 919 2966 taedas.

153 2987 243 3048 Parva
266 2989 358 3053 bonae
382 2991 504 3072 Cereri,
530 2994 589 3052 sint
611 2993 697 3053 modo
721 3001 800 3053 casta
813 3039 821 3071 ,
845 2993 977 3070 placent.

110 3074 132 3130 A
157 3073 229 3134 bove
254 3082 398 3141 succincti
420 3079 532 3141 cultros
554 3091 703 3141 removete
727 3082 872 3141 ministri.

154 3161 211 3221 Bos
235 3173 318 3224 aret.
359 3169 492 3244 ignavam
515 3169 677 3229 sacrificate
701 3184 802 3226 suem.

64 3260 94 3307 15
109 3249 181 3326 Apta
205 3253 273 3327 iugo
297 3257 394 3314 cervix
417 3273 477 3315 non
501 3262 546 3315 cst
569 3254 701 3314 ferienda
724 3255 842 3314 securi:

153 3336 256 3418 Vivat,
280 3346 310 3398 et
332 3343 363 3400 in
386 3341 459 3402 dura
483 3359 570 3419 saepe
593 3340 707 3401 laboret
728 3339 835 3403 humo.

109 3424 206 3503 Erigit
228 3429 291 3505 ipse
315 3425 420 3508 locus,
443 3437 545 3507 raptus
569 3435 603 3488 ut
625 3429 746 3506 virginis
769 3428 871 3492 edam.

150 3514 238 3574 Plura
263 3532 479 3594 recognosces,
502 3533 595 3593 pauca
618 3514 767 3577 docendus
791 3520 867 3582 eris.
