2386 3892
91 183 157 248 346
498 185 691 241 FASTORUM

522 397 572 463 10.
595 395 663 462 AN

180 524 219 585 ht
241 523 328 585 simul
351 525 455 587 auritis
478 522 571 585 violae
594 523 754 589 demuntur
775 521 893 605 asellis,

114 624 166 674 470
223 611 261 672 Et
283 611 401 674 Cereris
424 612 525 690 fruges
548 629 651 690 aspera
673 629 744 673 sara
763 618 884 692 terrant,

178 698 282 759 Navita
304 699 533 780 puppe-sedens
557 695 719 778 ‘Delphina
741 698 907 765 videbimus
919 695 945 781 ,'
968 702 1060 781 inquit

223 783 343 851 ‘Umida
366 805 433 850 oum
456 787 542 868 pulso
565 805 624 849 nox
647 789 706 849 erit
727 796 792 849 orta
814 782 895 853 dio?

441 925 490 989 11.
513 921 765 1005 amaran,

179 1050 259 1131 lam,
281 1048 401 1130 Phryx,
424 1067 441 1110 a
463 1059 555 1129 nupta
578 1052 736 1132 quereris,
758 1048 908 1132 Tithono,
929 1049 1069 1132 relinqui,

222 1137 261 1199 Et
283 1137 351 1216 vigil
374 1139 435 1199 eois
457 1136 563 1200 lucifer
586 1139 647 1199 exit
669 1140 773 1218 aquis:

113 1236 165 1287 475
178 1224 244 1306 lte,
269 1224 362 1286 honae
385 1234 517 1306 matres,
539 1259 575 1271 -
596 1233 730 1291 vestrum
751 1224 883 1289 Matralia
904 1225 1013 1289 iestrvm
1034 1260 1066 1271 -

222 1313 368 1393 Flavaque
390 1313 545 1375 Thebanae
568 1314 683 1377 reddite
704 1312 875 1379 medeae.

178 1400 322 1463 Pontibus
345 1409 376 1464 ct
397 1419 502 1482 magno
525 1404 625 1465 iuncta
648 1409 695 1463 ost
716 1400 910 1466 celeberrima
931 1401 1017 1465 Circo

222 1490 319 1570 Arca,
343 1507 419 1569 quae
440 1493 536 1570 posito
559 1490 596 1551 de
618 1489 692 1551 bovo
715 1507 825 1552 noman
846 1488 952 1553 hahet.

178 1576 240 1638 Hac
263 1577 304 1638 ihi
327 1577 393 1639 luce
417 1580 518 1639 ierunt
539 1577 666 1641 Matutae
690 1595 773 1640 sacra
795 1579 914 1656 parenti

114 1677 166 1727 480
226 1663 420 1745 Soeptrileras
444 1666 529 1727 Servi
551 1665 660 1744 templa
681 1665 798 1727 dedisse
819 1683 944 1731 manus.

180 1752 261 1823 Quae
285 1752 339 1813 dea
362 1755 423 1833 sit,
446 1772 537 1832 quare
560 1753 684 1816 lamudas
705 1771 723 1817 a
743 1752 843 1819 limine
865 1752 970 1832 templi

222 1839 329 1900 hroeat
341 1886 350 1919 ,
373 1871 408 1884 -
431 1850 513 1903 arcet
535 1843 615 1903 enirn
637 1873 671 1884 -
693 1840 812 1920 libaque
833 1849 911 1905 tosta
932 1837 1037 1921 petati

178 1926 313 2007 Bacche,
336 1929 526 1991 racemiferos
548 1929 658 1991 hedera
680 1929 816 1995 redimito
839 1928 983 2010 capillos,

223 2015 255 2074 Si
278 2015 383 2076 domus
404 2015 453 2076 illa
476 2023 527 2077 tua
550 2025 617 2097 est,
640 2017 735 2096 dirige
757 2019 832 2079 vatis
853 2034 946 2096 opus.

112 2113 163 2164 485
178 2102 298 2164 Arsorat
320 2102 463 2181 obsequio
486 2103 602 2165 Semele
624 2104 721 2168 lovis.
762 2106 869 2184 accipit
890 2103 944 2167 [no

221 2188 263 2251 Te
286 2209 383 2272 puer,
407 2200 437 2253 ot
460 2209 574 2254 summa
597 2191 698 2255 sedula
721 2194 823 2257 nutrit
838 2209 911 2272 ope.

177 2278 321 2340 Intumuit
342 2279 440 2360 luno,
460 2289 578 2359 raptum
601 2280 679 2358 quod
702 2279 815 2358 paelice
837 2286 942 2345 notum

221 2366 357 2430 Educet.
398 2377 428 2428 at
451 2369 570 2444 sanguis
592 2367 641 2428 illo
665 2369 776 2428 sororis
799 2373 879 2433 erat.

177 2454 253 2515 Hinc
276 2458 372 2534 agitur
394 2457 479 2518 iuriis
502 2454 641 2517 Athamas
663 2463 694 2515 et
716 2457 844 2534 imagine
865 2454 956 2534 nno,

111 2554 163 2604 400
221 2543 326 2623 Tuque
350 2543 430 2607 cadis
452 2545 568 2623 patria,
590 2560 680 2621 parve
702 2542 856 2624 Learche,
878 2561 984 2609 mann.

176 2630 285 2692 Maesta
307 2631 472 2692 Learcheas
493 2638 589 2693 mater
610 2630 807 2695 tumulaverat
827 2629 949 2697 umbros

220 2718 258 2780 Et
281 2719 402 2780 dederat
423 2720 541 2780 miseris
564 2719 663 2779 omnia
682 2720 761 2783 iusta
782 2720 880 2806 rogis.

176 2803 255 2865 Haeo
278 2810 418 2886 quoqne,
441 2808 574 2869 funestos
597 2813 717 2871 uteret
739 2805 847 2869 laniata
869 2805 1009 2889 capillos,

220 2892 362 2973 Prosilit,
386 2901 416 2957 et
439 2896 524 2956 cunis
547 2903 600 2975 te,
621 2893 793 2974 Melicerta,
814 2895 911 2974 rapit.

112 2992 161 3042 495
175 2979 229 3042 Est
251 2981 344 3060 spatio
369 2988 520 3042 contracta
540 2981 624 3043 hrevi
636 3029 646 3062 ,
668 2983 743 3046 ireta
765 2980 836 3043 hina
857 2980 996 3064 repellit,

220 3068 342 3148 Unaque
365 3068 500 3148 pulsatur
523 3076 603 3130 terra
625 3068 739 3130 duabus
762 3071 864 3148 aquis.

174 3156 240 3217 Huc
263 3159 343 3218 venit
365 3159 476 3218 insanis
499 3164 601 3218 natum
624 3155 774 3236 complexa
797 3156 935 3236 lacertis,

218 3243 256 3304 Et
279 3263 381 3305 secum
404 3264 420 3305 e
444 3243 522 3306 celso
545 3246 636 3306 mittit
657 3246 689 3305 in
711 3244 769 3306 alta
789 3247 877 3324 iugo.

174 3329 291 3410 Excipit
313 3332 429 3392 illaesos
452 3331 569 3411 Panope
593 3338 770 3411 centumque
784 3349 932 3407 sorores,

108 3425 160 3477 500
217 3417 256 3477 Et
277 3418 391 3498 placido
414 3418 499 3498 lapsu
521 3438 575 3500 per
598 3437 650 3483 sua
673 3438 763 3499 regna
785 3420 904 3480 lerunt.

172 3502 309 3566 Nondum
332 3505 500 3567 Leucothea
512 3554 521 3587 ,
547 3506 678 3567 nondum
699 3504 776 3587 puer
797 3506 847 3568 illo
869 3504 1050 3588 Palaemon,
