2386 3892
122 118 186 190 298
528 124 719 176 00000000

143 304 195 352 400
254 289 378 368 Omnia,
402 291 459 348 iam
482 287 584 366 vigiles
608 288 777 348 conticuere
801 304 907 349 canes:

209 377 273 438 Alta
296 379 372 437 iacet
395 378 469 435 vasti
492 393 582 454 super
605 393 657 435 ora
680 374 834 453 Typhoeos
857 374 967 454 Aetne,

254 463 345 525 Cuius
368 463 510 524 anhelatis
534 462 652 541 ignibus
674 462 759 523 ardet
780 462 907 543 humus3

209 552 271 612 lllic
294 551 428 612 accendit
451 552 582 630 geminas
605 569 659 629 pro
682 549 815 628 lampade
838 551 945 629 pinus.

253 639 328 700 Hinc
352 639 468 700 Cereris
493 640 585 699 sacris
607 656 687 698 nune
711 655 829 717 quoque
852 637 937 699 taeda
959 636 1057 699 datur.

143 741 194 790 405
209 727 263 788 Est
286 746 392 807 specus
416 729 497 788 exesi
520 733 669 787 structura
691 727 818 804 pumicis
840 742 946 809 asper,

254 816 319 876 Non
341 816 454 876 homini
477 817 581 894 regio,
605 832 664 874 non
687 814 820 874 adeunda
843 813 940 875 ierac:

211 904 275 974 Quo
300 903 388 964 simul
410 921 444 963 ac
467 905 548 962 venit
560 949 569 983 ,
591 903 723 963 frenatos
746 900 885 963 curribus
908 919 1019 982 angues

254 992 374 1070 iungit,
398 998 428 1050 et
450 1007 611 1069 aequoreas
634 992 711 1051 sicca
734 996 869 1069 pererrat
891 1007 999 1069 aquus.

210 1078 321 1156 Effugit
344 1086 374 1139 et
398 1077 500 1157 Syrtes
523 1085 553 1138 et
575 1087 627 1157 te,
651 1076 791 1138 Zanclaea
814 1076 994 1158 Charybdis,

144 1179 195 1227 500
253 1166 292 1226 Et
314 1184 388 1247 vos,
411 1166 530 1253 Nisaei²
554 1167 694 1245 naufraga
716 1174 870 1246 monstra,
893 1183 999 1248 canes,

210 1254 446 1333 Hadriacumque
469 1261 572 1332 patens
595 1253 675 1333 late,
697 1253 900 1333 bimaremque
923 1251 1089 1314 Corinthon:

254 1341 303 1402 Sic
326 1345 406 1403 venit
429 1343 464 1402 ad
487 1350 592 1420 portus
604 1387 613 1421 ,
637 1341 733 1402 Attica
755 1348 857 1422 terra,
880 1351 967 1403 tuos.

209 1429 265 1490 llic
287 1433 416 1509 primum
441 1430 517 1490 sedit
539 1429 635 1508 gelido
658 1431 853 1491 maestissima
875 1446 963 1491 saxo:

254 1517 328 1578 lllud
352 1518 531 1596 Cecropidae
554 1535 633 1577 nnnc
657 1535 774 1596 quoque
797 1519 883 1578 triste
907 1525 1026 1579 vocant.

143 1617 194 1665 505
211 1605 272 1664 Sub
296 1605 362 1666 love
386 1606 503 1666 duravit
526 1605 626 1666 multis
649 1607 760 1665 inmota
782 1604 905 1678 diebus,

254 1691 291 1752 Et
314 1692 400 1753 lunae
423 1696 538 1771 patiens
561 1700 591 1753 et
613 1692 749 1770 pluvialis
772 1709 883 1771 aquae.
919 1766 922 1773 Ι
951 1735 954 1739 .

210 1778 283 1838 Fors
307 1797 359 1839 sua
383 1782 490 1859 cuique
514 1781 578 1840 loco
602 1789 669 1841 est.
711 1798 769 1859 quo
793 1797 873 1841 nunc
896 1778 1017 1841 Cerialis

755 1866 875 1928 Eleusin

252 1954 389 2034 Dicitur,
412 1954 468 2014 boc
492 1954 571 2015 Celei
595 1972 664 2016 rura
688 1956 771 2016 luere
795 1957 891 2016 senis.

209 2041 259 2101 llle
284 2041 404 2102 domum
427 2042 547 2121 glandes
570 2061 752 2123 excussaque
777 2061 858 2104 mora
881 2042 995 2105 rubetis

144 2141 194 2190 510
253 2122 376 2204 Ρο0000,
400 2139 430 2190 00
452 2133 564 2191 arsuris
588 2131 668 2192 arida
690 2132 768 2210 ligna
791 2131 883 2192 iocis.

211 2217 283 2278 Filia
305 2236 394 2298 parva
416 2220 489 2280 duas
512 2219 664 2297 redigebat
686 2237 761 2298 rupe
784 2218 927 2299 capeDas,

254 2306 292 2367 lit
314 2315 399 2367 tener
422 2310 453 2367 in
477 2310 562 2367 cunis
585 2307 663 2367 iilius
686 2325 775 2386 aeger
798 2316 879 2368 erat.

210 2390 355 2456 ‘Materl’
379 2397 420 2455 ait
437 2398 518 2473 virgo
539 2427 573 2438 —
592 2403 669 2455 mota
692 2403 737 2456 est
760 2395 814 2456 doa
836 2397 956 2456 nomine
973 2396 1109 2457 matris-

255 2479 348 2553 ‘Quid
373 2483 445 2543 lacis
468 2485 498 2542 in
522 2482 592 2542 solis
616 2484 785 2543 incomitata
808 2478 922 2545 locis-i'

145 2572 195 2629 515
212 2570 331 2630 Restitit
354 2580 385 2631 et
408 2573 528 2650 senior,
552 2573 684 2649 quamvis
708 2589 783 2631 onus
806 2579 895 2650 urget
907 2575 920 2652 ‚'
941 2579 971 2632 et
993 2579 1071 2650 orat,

255 2658 344 2717 Tecta
369 2676 438 2719 suae
463 2658 567 2719 subeat
590 2659 857 2738 quantulacumque
881 2675 986 2720 cosae.-

210 2744 260 2803 llla
284 2753 393 2822 negat.
436 2747 588 2807 simularat
610 2764 721 2826 anum,
744 2749 890 2826 mitraque
914 2744 1035 2827 capillos

254 2831 429 2893 Presserat.
471 2837 592 2895 instanti
616 2835 682 2896 talia
706 2835 783 2896 dieta
807 2836 918 2897 relert:

212 2914 337 2998 ‘Sospes
357 2938 426 3000 eas,
450 2939 626 3000 semperque
646 2921 773 3002 parensl
794 2922 868 2983 'mibi
887 2922 947 2983 iilia
964 2930 1047 3003 rapta
1063 2926 1112 2982 eat·

145 3020 196 3069 020
256 3007 342 3070 Heu!
365 3008 469 3068 melior
494 3018 603 3087 quanto
628 3029 693 3071 sors
716 3017 767 3071 tna
790 3018 871 3071 sorte
894 3028 961 3071 moa
983 3004 1060 3071 est.'

212 3095 312 3178 Dixit,
336 3106 366 3157 et
389 3104 423 3157 ut
445 3096 582 3157 lacrimae
605 3116 761 3178 -neque
785 3100 863 3159 enim
886 3097 1042 3159 lacrimare

758 3185 881 3247 deorum
905 3194 953 3247 est
974 3216 1009 3231 -·

255 3271 370 3332 Decidit
392 3275 423 3333 in
447 3272 561 3351 tepidos
585 3272 682 3334 lucida
704 3281 787 3352 gutta
809 3276 911 3335 sinus.

212 3356 297 3418 Flent
319 3362 430 3437 pariter
453 3359 557 3420 molles
580 3364 685 3421 animis
708 3364 849 3440 virgoque
873 3378 1041 3443 seneane3

255 3442 278 3502 Ε
303 3446 412 3523 quibus
435 3448 507 3509 haec
531 3450 602 3510 iusti
624 3448 714 3510 rerba
737 3450 821 3510 luere
845 3452 944 3512 senio:
