2386 3892
151 181 192 246 18
568 177 738 228 cursurum

239 344 321 415 Quae
344 340 432 402 simul
454 340 575 401 inducta
598 338 677 400 nube
699 346 863 418 teguntur,
886 337 963 400 abit.

193 443 225 493 15
240 430 320 491 Haec
343 446 450 509 precor
473 436 507 488 ut
529 444 647 504 semper
670 427 785 504 possint
807 424 862 486 tibi
884 425 957 486 lalsa
980 425 1091 507 videri3

240 518 316 578 Sunt
339 525 437 577 tamen
461 522 569 575 eventu
592 531 661 574 vera
683 512 800 574 fatenda
823 530 907 574 meo.

239 606 316 665 Dum
338 606 497 683 stetimus,
520 600 626 662 turbae
652 609 795 679 quantum
818 603 889 660 satis
909 607 1011 682 esset,
1031 599 1155 662 babebat

238 693 314 753 Nota
338 691 480 770 quidem,
503 689 555 750 sed
579 706 638 748 non
662 687 816 748 ambitiosa
839 688 962 749 domus.

240 780 278 841 At
300 778 388 839 simul
410 776 536 856 impulsa
560 785 627 855 est,
651 793 753 835 omnes
776 777 903 836 timuere
926 777 1043 838 ruinam

191 880 226 929 20
240 867 390 945 Cautaque
414 866 563 926 communi
586 870 670 940 terga
693 862 800 924 dedere
824 863 918 942 lugae.

175 953 180 968 ⁸
242 955 332 1014 Saeva
355 971 452 1030 neque
477 950 605 1011 admiror
628 957 765 1011 metuunt
787 953 813 1011 si
836 950 985 1033 fulmina,
1008 970 1133 1031 quorum

239 1042 360 1120 Ignibus
384 1040 486 1100 adflari
507 1040 655 1117 proxima
664 1055 799 1116 quaeque
822 1037 935 1100 solent.

242 1128 300 1190 Sed
324 1137 422 1188 tamen
445 1129 477 1187 in
500 1126 583 1186 duris
605 1134 808 1188 remanentem
830 1125 921 1188 rebus
944 1129 1072 1190 amicum

240 1214 437 1288 Quamlibet
429 1215 524 1275 inviso
547 1212 684 1274 Caesar'
676 1231 708 1273 ιιι
726 1212 811 1273 hoste
835 1213 957 1295 probat,

192 1317 225 1367 25
240 1305 301 1365 Nec
324 1303 400 1364 solet
421 1304 532 1382 irasci,
551 1334 593 1345 -
608 1319 705 1379 neque
724 1302 803 1361 enim
821 1301 1003 1364 moderatior
1025 1303 1099 1365 alter
1113 1337 1152 1347 -

240 1391 314 1452 Cum
337 1393 403 1469 quis
426 1393 458 1450 in
468 1390 610 1450 adversis
626 1389 756 1468 ,siquid
779 1390 907 1469 amauit,
930 1399 1024 1453 amat.

240 1479 282 1539 lle
304 1481 411 1540 comite
435 1476 564 1555 Argolici
586 1483 743 1556 postquam
766 1478 904 1554 cognovit
926 1477 1059 1560 Orestis,

191 1558 382 1626 Narratur
404 1564 564 1642 Pyladen
555 1581 619 1641 ipse
642 1562 784 1641 probasse
807 1564 922 1626 Thoas.

228 1654 323 1723 Quae
346 1653 403 1712 luit
425 1651 579 1712 Actoridae
604 1669 671 1711 eum
695 1669 800 1729 magno
824 1669 943 1731 semper
964 1653 1095 1735 Achille,

192 1752 226 1802 30
239 1738 368 1800 Laudari
390 1739 475 1799 solita
499 1745 544 1798 est
566 1737 703 1799 Hectoris
727 1757 778 1799 ore
802 1739 892 1801 fides.

240 1827 325 1897 Quod
347 1829 414 1904 pius
438 1826 473 1886 ad
496 1844 598 1886 manes
620 1824 753 1886 Theseus
777 1844 876 1888 eomes
898 1830 957 1890 iret
979 1831 1092 1912 amico,

239 1914 413 1975 Tartareum
437 1913 540 1975 dicunt
561 1913 722 1974 indoluisse
746 1915 851 1976 deum.

240 2000 359 2080 Euryali
382 2001 503 2080 Nisique
527 2002 583 2062 dde
607 2000 683 2081 tibi,
706 2001 807 2062 l'urne
819 2047 829 2084 ,
852 2001 943 2064 relata

240 2088 386 2149 Credibile
411 2098 456 2149 est
478 2088 606 2149 lacrimis
629 2088 809 2150 inmaduisse
831 2108 938 2168 genas.

192 2189 226 2237 35
242 2176 386 2237 Praestita
409 2194 477 2237 nam
500 2178 615 2237 miseris
639 2179 732 2254 pietas
758 2178 842 2237 etin
865 2177 949 2238 hoste
972 2178 1134 2257 probatur.

240 2262 275 2323 Ei
299 2263 370 2323 mibi
382 2310 392 2343 ,
416 2281 502 2343 quam
526 2281 636 2342 paucos
658 2263 731 2324 haec
753 2281 818 2324 mea
841 2264 919 2325 dicta
941 2267 1077 2328 movent!

239 2349 268 2410 ls
292 2358 408 2430 status,
430 2350 502 2410 haec
524 2368 626 2411 rerum
649 2369 728 2411 nunc
751 2359 797 2412 est
819 2352 937 2412 lortuna
961 2370 1112 2435 mearum,

240 2437 351 2498 Debeat
373 2446 407 2498 ιιι
429 2437 557 2499 lacrimis
580 2437 679 2498 nullus
702 2439 805 2499 adesse
828 2439 950 2501 modus.

240 2527 277 2586 At
299 2544 364 2586 mea
387 2533 456 2587 sunt
468 2573 478 2607 ,
500 2528 621 2604 proprio
645 2528 776 2604 quamvis
799 2529 995 2590 maestissima
1017 2547 1107 2610 casu,

192 2625 226 2673 40
240 2613 363 2675 Pectora
387 2631 530 2693 processu
553 2614 629 2673 laeta
651 2630 756 2674 serena
778 2621 848 2675 tuo.

239 2699 303 2760 Hoc
327 2719 380 2778 ego
404 2708 562 2760 venturum
584 2702 641 2759 iam
669 2709 750 2782 tum,
781 2703 931 2764 carissimo
944 2705 1052 2786 v,idi,

240 2786 346 2846 Ferret
368 2785 463 2847 adhuc
485 2789 542 2847 ista
564 2805 632 2848 cum
654 2791 751 2849 minor
773 2806 845 2851 aura
867 2799 978 2853 ratem.

241 2872 310 2933 Sive
333 2873 450 2952 ailquod
473 2892 611 2956 morum,
634 2895 687 2936 sen
709 2879 785 2937 vitae
808 2877 873 2938 labe
897 2883 1025 2942 carentis

240 2960 295 3021 Est
316 2965 444 3040 pretium
457 3008 466 3043 ,
489 2981 575 3022 nemo
598 2963 692 3040 pluris
715 2964 858 3025 emendus
881 2976 963 3029 erat:

191 3060 225 3108 45
242 3048 309 3108 Sive
332 3066 386 3127 per
408 3052 550 3128 ingenuas
573 3051 678 3130 aliquis
701 3060 790 3132 caput
813 3054 918 3115 extulit
940 3067 1019 3117 artes
1038 3089 1079 3100 -

242 3136 396 3206 Quaelibet
419 3137 534 3216 eloquio
558 3139 592 3199 tit
614 3138 691 3200 bona
714 3158 803 3201 causa
824 3148 894 3203 tuo.

241 3223 293 3285 llis
310 3243 370 3303 ego
394 3233 557 3286 commotus
582 3226 641 3287 dixi
664 3226 719 3288 tibi
740 3231 907 3331 protinus
898 3233 956 3309 rpsi

241 3298 365 3372 ‘Scaena
388 3322 486 3373 manet
509 3313 592 3374 dotes
615 3315 758 3397 grandis,
781 3317 896 3399 amice,
918 3313 1015 3380 tuas?

241 3399 320 3459 Haec
343 3399 414 3460 mihi
438 3418 497 3460 non
521 3404 618 3462 ovium
641 3402 732 3464 librae
756 3405 920 3466 tonitrusve
944 3406 1074 3486 sinistri,

192 3498 226 3545 oo
241 3485 387 3564 Linguave
411 3496 541 3549 servatae
565 3507 697 3567 pennave
720 3492 794 3551 dixit
816 3494 895 3552 avis:
