2386 3892
92 167 156 231 25ss
498 167 690 220 uterorum

225 331 283 393 Sed
306 339 406 393 tamen
429 349 445 392 a
469 340 579 413 vento,
602 334 654 410 qui
676 332 731 392 luit
744 379 753 410 ,
776 331 854 393 unda
878 340 991 413 tumet,

182 420 254 499 Sic,
277 422 409 498 quamvis
432 419 534 480 aberat
556 421 679 499 placitae
703 422 869 498 praesentia
893 421 1022 499 formae,

225 507 319 578 Quem
343 506 465 568 dederat
486 525 628 586 praesens
651 507 766 586 forma,
789 507 927 569 manebat
949 527 1046 569 amor.

181 594 294 674 Ardet,
317 604 347 656 et
368 598 471 656 iniusti
495 595 621 655 stimulis
645 597 772 674 agitatur
795 597 922 657 amoris.

65 722 67 725 v
116 694 167 743 780
226 683 382 762 Comparat
404 684 523 762 indigno
547 686 664 762 vimque
688 682 846 762 dolumque
870 693 956 746 toro.

183 767 303 832 ‘Exitus
326 773 357 831 in
381 771 470 832 dubio
494 779 557 832 est:
589 769 762 832 audebimus
786 773 887 832 ultima
902 767 927 834 l'
950 771 1023 832 dixit

227 854 376 937 ε11107111,
400 859 542 920 audentes
565 859 665 919 lorsne
689 859 801 920 deusne
824 861 922 920 iuvet.

183 946 321 1026 Cepimus
344 946 478 1007 audendo
502 946 609 1006 Gabios
633 942 785 1026 quoque.'
827 947 895 1008 talia
920 947 996 1008 latus
1094 991 1098 998 -

225 1035 304 1094 Ense
327 1034 403 1094 latus
427 1037 540 1113 cinxit,
563 1045 704 1112 tergaque
727 1037 837 1114 pressit
860 1038 947 1115 equi.

117 1131 168 1181 781
182 1122 297 1200 Accipit
319 1132 417 1182 aerata
439 1125 575 1183 iuvenem
600 1122 720 1183 Collatia
742 1133 845 1202 porta,

227 1209 360 1270 Condere
384 1213 441 1269 iam
464 1210 560 1270 voltus
585 1209 645 1270 sole
668 1220 790 1289 parante
813 1229 901 1273 suos.

182 1296 304 1377 Hostis,
329 1307 361 1358 ut
384 1299 513 1378 hospes,
536 1301 592 1358 init
614 1299 776 1378 penetralia
799 1298 958 1362 Collatino:

227 1385 357 1446 Comiter
380 1389 547 1465 excipitur3
571 1389 713 1464 sanguine
737 1389 857 1447 iunctus
879 1396 960 1448 erat.

183 1472 332 1541 Orrantum
356 1477 460 1534 animis
483 1476 594 1534 erroris
617 1473 716 1535 inest!
749 1483 832 1554 parat
854 1477 946 1539 inscia
970 1492 1067 1535 rerum

118 1571 168 1620 790
226 1560 329 1622 lnlelix
354 1562 456 1641 epulas
479 1561 614 1622 hostibus
636 1562 684 1621 illa
708 1565 787 1623 sule.

184 1647 316 1709 Functus
339 1658 404 1710 erat
427 1649 574 1727 dapibus:
604 1658 733 1728 poscunt
755 1667 809 1710 sua
832 1658 965 1730 tempora

729 1755 883 1816 somnum3

226 1821 290 1882 Nox
313 1833 397 1903 erat,
421 1833 451 1884 et
473 1832 533 1885 tota
557 1824 667 1885 lumina
691 1825 769 1886 nulla
793 1825 900 1887 domo.

183 1908 306 1988 Surgit,
330 1920 360 1971 et
383 1921 517 1972 auratum
541 1915 643 1990 vagina
667 1912 772 1973 liberat
794 1931 914 1992 ensem,

226 1997 265 2064 Et
287 1999 366 2058 venit
389 2001 419 2058 in
442 1999 607 2079 thalamos,
630 2009 721 2079 nupta
743 2000 850 2079 pudica
863 2047 872 2079 ,
895 2009 979 2062 tuos.

117 2095 168 2144 705
183 2082 278 2162 thue
303 2093 402 2146 torum
424 2095 556 2166 pressit,
580 2083 731 2165 ‘lerrum,
754 2088 914 2167 Lucretia,
937 2105 1052 2150 mecum

729 2175 792 2238 est!

226 2256 334 2321 Natus'
358 2264 399 2323 ait
421 2257 516 2340 ‘regis
540 2263 778 2343 Tarquiniusque
801 2257 941 2343 loquor?

182 2346 233 2408 llla
256 2349 350 2411 nihil:
382 2368 479 2429 neque
503 2354 581 2412 enim
605 2370 706 2439 rocem
730 2355 866 2431 viresque
890 2352 1046 2432 loquendi,

227 2437 285 2498 dut
308 2437 417 2518 aliquid
440 2447 502 2500 toto
526 2449 646 2518 pectore
669 2442 776 2500 mentis
799 2439 906 2501 habet:

183 2523 240 2585 Sed
264 2529 385 2607 tremit,
409 2535 443 2587 ut
466 2526 614 2605 quondam
638 2527 760 2588 stabulis
783 2528 929 2607 deprensa
952 2527 1061 2589 relictis

117 2624 168 2671 800
226 2613 318 2674 Parva
342 2614 397 2674 sub
421 2615 528 2676 inlesto
551 2633 619 2675 cum
643 2617 720 2675 iacet
742 2634 815 2695 agna
838 2614 927 2695 lupo.

183 2698 258 2769 Quid
284 2699 399 2762 iaciat?
431 2700 573 2782 pugnet?
604 2705 739 2764 vincetur
762 2704 871 2764 femina
893 2721 1044 2784 pugnans.

227 2786 368 2849 Clamet?
401 2799 430 2850 at
452 2792 483 2851 in
507 2791 631 2869 dextra,
655 2793 706 2869 qui
729 2799 829 2871 vetet,
853 2794 934 2853 ensis
959 2801 1036 2852 erat.

183 2872 340 2952 Ellugiat?
373 2879 476 2954 positis
499 2889 666 2957 urguentur
689 2889 809 2957 pectora
832 2878 955 2958 palmis,

227 2961 312 3024 Tunc
334 2967 463 3042 primum
486 2975 608 3027 externa
631 2975 751 3045 pectora
775 2976 852 3028 tacta
876 2985 981 3028 manu.

118 3049 276 3112 8011111171
298 3069 398 3111 amans
422 3052 516 3113 hostis
539 3054 679 3133 precibus
702 3057 857 3133 pretioque
881 3057 1044 3133 minisque:

227 3137 288 3199 Nec
311 3158 422 3219 prece,
446 3159 501 3200 nec
524 3144 643 3220 pretio,
666 3160 722 3202 nec
746 3151 844 3204 movet
866 3141 915 3203 ille
940 3144 1040 3203 minis.

184 3222 246 3285 ‘Nil
270 3227 353 3304 agisl
387 3225 524 3306 eripiam'
549 3230 622 3290 dixit
645 3224 715 3309 ‘per
738 3232 862 3291 crimina
885 3232 991 3292 vitam:

228 3313 331 3374 Falsus
355 3315 491 3376 adulterii
514 3319 599 3376 testis
622 3317 738 3377 adulter
761 3336 832 3380 ero:

183 3400 353 3462 Interimam
377 3403 539 3482 famulum,
563 3422 630 3464 cum
655 3423 713 3482 quo
737 3405 884 3485 deprensa
907 3398 1042 3467 fereris?

119 3497 170 3546 810
230 3487 394 3550 Succubuit
416 3491 509 3551 lamae
532 3493 609 3553 vieta
630 3491 728 3571 puella
751 3502 851 3556 metu.
