2386 3892
473 185 520 237 lv.
538 197 560 237 x
573 188 704 239 tu—118.

164 345 212 406 lle
236 363 357 425 quoque
382 346 497 408 felicem
510 393 519 428 ,
536 345 621 426 'quod
645 365 705 409 non
729 349 894 412 viventibus
917 349 975 412 illis

168 433 240 494 Sum
265 436 357 495 miser
370 478 380 514 ,
403 442 434 495 et
456 433 492 496 de
516 435 665 514 mequod
689 435 809 498 doluere
833 437 923 501 nihili

104 533 152 585 -85
168 521 200 582 Si
223 531 322 584 tamen
347 525 484 583 extinctis
508 522 617 601 aliquid
640 525 697 583 nisi
721 526 839 586 numina
860 534 992 606 restant,

167 609 205 670 Et
228 609 347 689 gracilis
372 618 501 672 structos
524 611 628 689 effugit
651 610 756 672 umbra
779 630 884 692 rogos:

167 697 277 779 Fama,
299 698 489 778 parentales,
512 700 537 759 si
560 717 612 759 vos
635 717 699 760 mea
723 701 1031 785 contigit,·umbrae,

168 785 206 846 Et
228 788 348 847 suntin
373 785 473 865 Stygio
497 787 621 847 crimina
644 796 745 848 nostra
768 788 850 850 loro:

171 872 250 934 Scite
263 920 273 954 ,
296 891 405 953 precor
418 919 427 954 ,
450 892 569 936 causam
591 908 628 919 -
655 893 711 935 nec
734 892 785 935 vos
809 876 881 937 mihi
904 876 1004 939 fallere

592 963 636 1024 las
659 971 705 1024 est
722 995 758 1007 -

126 1061 157 1110 eo
171 1047 312 1110 Errorem
335 1051 457 1131 iussae,
480 1067 539 1110 non
563 1051 683 1131 scelus,
706 1069 771 1113 esse
795 1053 897 1131 fugae.

168 1137 301 1198 Manibus
324 1136 381 1198 boc
405 1139 475 1199 satis
499 1146 565 1200 est.
598 1137 633 1199 ad
657 1156 731 1218 vos,
755 1140 907 1221 studiosa,
930 1149 1085 1224 revertor,

169 1225 313 1306 Pectora,
337 1242 413 1304 quae
437 1227 510 1286 ritae
534 1228 677 1306 quaeritis
700 1235 764 1287 aeta
788 1245 887 1289 meae.

169 1313 226 1374 lam
249 1313 323 1374 mibi
347 1315 469 1375 canities
493 1313 586 1393 pulsis
609 1313 782 1375 melioribus
805 1317 889 1376 annis

170 1400 316 1481 Venerat,
338 1403 474 1479 antiquas
497 1404 716 1482 miscueratque
739 1419 856 1482 comas,

130 1499 156 1547 to
169 1489 297 1568 Postque
321 1507 403 1550 meos
427 1496 510 1550 ortus
533 1490 635 1551 Pisaea
659 1493 775 1551 vinctus
798 1489 872 1551 oliva

170 1577 337 1638 Abstulerat
359 1576 458 1637 decies
481 1579 609 1656 praemia
632 1581 727 1639 victor
749 1595 858 1660 eques,

170 1665 240 1726 Cum
264 1666 355 1725 maris
377 1664 486 1725 Euxini
508 1668 620 1745 positos
644 1666 679 1727 ad
703 1667 782 1726 laeva
806 1665 936 1728 Tomitas

170 1752 317 1824 Quaerere
341 1769 388 1813 me
412 1752 482 1814 laesi
505 1755 648 1832 principis
671 1756 715 1814 ira
738 1752 837 1814 iubet.

170 1840 260 1902 Causa
284 1857 366 1901 meae
391 1842 505 1901 cunctis
528 1843 652 1902 nimium
677 1858 795 1921 quoque
818 1849 887 1902 nota
911 1844 1012 1903 ruinae

119 1933 157 1986 100
170 1927 278 1989 lndicio
303 1945 362 1988 non
386 1935 432 1990 est
454 1929 636 1990 testificanda
660 1948 743 1990 meo.

169 2016 244 2087 Quid
258 2016 386 2078 reseram
401 2017 601 2096 comitumque
620 2018 703 2078 nefas
717 2015 900 2096 famulosque
915 2013 1084 2080 nocentes?

169 2102 232 2183 lpsa
254 2103 347 2166 multa
370 2103 424 2166 tuli
447 2122 507 2164 non
530 2105 639 2166 leviora
662 2107 747 2184 luga.

168 2185 317 2271 Indignata
342 2191 424 2253 malis
447 2210 531 2253 mens
555 2201 601 2254 est
623 2193 840 2273 succumbere,
864 2210 955 2273 seque

170 2278 317 2342 Praestitit
339 2281 499 2360 invictam,
522 2280 634 2342 viribus
658 2299 711 2342 usa
734 2283 814 2361 suis3

105 2366 342 2447 monemusque
367 2370 424 2429 mei
447 2366 612 2447 ductaeque
635 2387 689 2449 per
712 2371 771 2430 otia
795 2371 869 2429 vitae

168 2454 287 2517 insolita
309 2458 375 2535 cepi
399 2458 541 2535 temporis
564 2474 644 2516 arma
667 2473 772 2516 mann.

88 2548 95 2563 ·
169 2541 282 2623 'lotque
307 2542 361 2606 tuli
384 2561 470 2605 casus
493 2543 596 2622 pelago
619 2552 781 2623 terraque,
805 2550 877 2619 quot
899 2544 977 2603 inter

169 2629 324 2693 Occultum
347 2631 447 2693 stellae
471 2634 724 2711 conspicuumque
748 2629 866 2709 polum.

168 2717 255 2781 'lacta
280 2719 350 2781 mibi
374 2719 492 2783 tandem
514 2719 609 2798 longis
633 2719 786 2781 erroribus
809 2727 874 2780 acto

90 2801 156 2863 110
169 2804 269 2869 luncta
291 2807 469 2887 pharetratis
494 2806 635 2868 Sarmatis
659 2825 711 2868 ora
735 2807 834 2869 Getis,

169 2892 220 2955 llic
244 2913 298 2975 ego
323 2896 454 2957 finitimis
478 2897 610 2974 quamuis
634 2898 837 2958 circumsoner
859 2897 967 2979 armis,

168 2979 295 3065 Tristia,
320 3001 377 3064 quo
401 3000 523 3063 possum
536 3030 545 3064 ,
569 2986 698 3045 carmine
722 2985 779 3046 lata
803 2984 887 3048 levo.

169 3068 249 3139 Quod
274 3074 406 3149 quamvis
430 3088 516 3133 nemo
540 3079 585 3132 est
598 3119 607 3152 ,
635 3075 720 3134 euius
748 3073 895 3135 reseratur
918 3071 953 3133 ad
977 3088 1081 3152 aures,

169 3156 214 3218 Sic
239 3168 337 3221 tamen
361 3159 484 3221 absumo
508 3159 681 3239 decipioque
706 3161 803 3222 diem.

91 3238 241 3326 lliErgo
266 3246 345 3327 quod
369 3250 433 3309 vivo
446 3293 455 3328 ,
479 3247 621 3326 durisque
645 3247 795 3308 laboribus
818 3245 921 3326 obsto,

166 3331 224 3395 Nec
248 3354 297 3398 me
321 3334 462 3397 sollicitae
487 3335 581 3397 taedia
605 3335 679 3395 lucis
704 3332 830 3413 babent,

166 3420 286 3505 Gratia,
310 3424 414 3505 Musa,
438 3421 513 3485 tibil
554 3441 621 3484 nam
646 3429 678 3482 ln
703 3419 808 3481 solacia
832 3417 974 3501 praebes,

164 3506 209 3571 Tn
233 3529 322 3574 curae
346 3513 486 3592 requies,
511 3520 543 3573 tn
567 3509 711 3570 medicina
734 3511 834 3569 venis.
