2386 3892
444 181 475 234 V.
494 182 642 233 ese-666.
974 176 1039 243 329

60 356 113 404 620
173 342 252 412 Quae
275 341 330 403 bos
353 360 389 403 ex
412 342 529 403 homine
553 350 621 423 est,
644 361 681 402 ex
702 341 777 403 bove
800 341 874 404 lacta
897 343 968 404 dea.

128 429 203 491 Tum
227 449 345 510 quoque
369 433 533 509 priscorum
557 432 639 510 virgo
663 429 819 491 simulacra
843 433 973 493 virorum

171 517 287 578 Mittere
311 517 436 578 roboreo
460 520 574 597 scirpea
595 526 688 597 ponte
712 518 802 580 solet.

129 604 258 683 Corpora
276 613 344 686 post
367 605 465 665 decies
489 623 577 666 senos
601 608 652 684 qni
674 606 800 667 credidit
821 623 914 665 annos

172 693 258 753 Missa
283 695 348 753 neci
361 740 370 774 ,
394 692 515 753 sceleris
539 693 662 753 erimine
685 692 911 754 damnatores.

61 794 112 841 625
128 780 215 840 Fama
238 789 344 841 vetus:
376 789 448 842 tune
460 826 469 858 ,
495 798 563 840 etim
587 779 722 840 Saturnia
751 787 829 841 terra
852 788 953 841 vocata
976 787 1039 860 est,

172 868 251 928 Talia
275 869 385 928 fatidici
408 868 486 928 dicta
510 868 592 928 litere
616 867 708 927 lovis:

128 952 286 1015 ‘Faloilero
309 955 397 1016 libata
420 958 484 1016 seni
507 963 579 1035 quot
601 972 725 1034 corpora
747 962 850 1035 gentes

171 1043 299 1124 Mittite,
323 1062 398 1123 quae
422 1043 526 1104 Tuscis
549 1046 733 1121 excipiantur
756 1037 871 1124 aquis:’

128 1131 226 1191 Donec
249 1135 280 1191 in
302 1132 375 1192 haec
398 1134 478 1193 venit
500 1131 673 1211 Tirynthius
694 1149 786 1212 arva,
807 1133 965 1212 quotannis

60 1231 112 1279 630
172 1218 280 1278 Tristia
302 1217 448 1280 Leucadio
472 1237 554 1280 sacra
576 1226 695 1299 peracta
718 1220 823 1300 mod03

129 1305 213 1366 lllom
237 1309 411 1368 stramineos
434 1310 464 1368 in
488 1325 592 1386 aquam
615 1309 731 1368 misisse
754 1307 903 1387 Quirites,

173 1393 308 1455 Herculis
331 1394 463 1474 exemplo
487 1412 610 1475 corpora
634 1394 704 1457 lalsa
727 1397 800 1457 iaci.

129 1482 215 1558 [Pars
238 1491 321 1562 putat
333 1531 343 1563 ,
366 1491 401 1544 ut
422 1484 536 1544 lerrent
557 1485 680 1544 iuvenes
702 1483 839 1561 sutfragia
863 1482 935 1562 soli,

172 1569 313 1631 Pontibus
336 1572 469 1631 intirmos
492 1572 700 1650 praecipitasse
723 1569 841 1647 senes]

61 1668 112 1717 636
128 1657 259 1738 Thybri,
283 1659 354 1719 doce
379 1658 502 1720 reruml
532 1667 582 1720 tua
605 1659 669 1738 ripa
692 1661 835 1720 vetustior
857 1657 937 1719 Urbe
959 1665 1022 1739 est,

173 1746 353 1825 Principium
377 1748 461 1806 ritus·
476 1754 509 1807 tu
531 1745 607 1809 bene
630 1765 718 1808 nosse
741 1755 841 1827 potes.

129 1831 255 1910 Thybris
278 1834 500 1897 harundiferum
523 1835 621 1897 medio
644 1842 732 1916 caput
754 1833 860 1895 extulit
882 1833 963 1903 alveo

173 1920 328 2001 Raucaque
352 1922 473 1984 dimovit
495 1923 602 1986 talibus
624 1942 676 1986 ora
699 1925 793 1986 sonis:

130 2004 222 2068 ‘liaeo
245 2008 309 2070 loea
332 2009 464 2071 desertas
486 2012 546 2072 vidi
568 2013 631 2073 siue
654 2011 809 2074 moenibus
832 2008 955 2071 herbas:

63 2108 113 2154 eto
172 2095 313 2158 Pascebat
335 2115 452 2177 sparsas
475 2107 599 2176 utraque
623 2101 686 2178 ripa
708 2099 816 2161 bores.

128 2182 166 2242 Et
188 2201 277 2260 quem
301 2202 379 2244 ntrnc
397 2191 499 2262 gentes
518 2184 648 2246 Tiberim
666 2193 835 2265 noruntque
858 2186 1040 2267 timentque,

168 2270 256 2347 Tune
280 2273 367 2331 etiam
390 2272 491 2351 pecori
514 2270 720 2350 despiciendus
742 2290 839 2333 eram.

128 2359 248 2419 Arcadis
271 2358 400 2419 Evandri
421 2376 528 2420 nomen
552 2357 606 2420 tibi
628 2376 715 2438 saepe
739 2360 886 2420 retertur:

173 2446 223 2507 llle
248 2465 327 2507 nreas
351 2448 439 2506 remis
462 2447 573 2507 advena
596 2448 682 2507 torsit
704 2463 812 2525 aquas.

63 2546 113 2594 645
131 2533 215 2593 Venit
238 2543 268 2594 et
289 2533 428 2608 Alcides,
451 2533 537 2595 turba
560 2536 716 2596 comitatus
739 2532 863 2593 Achiva.

173 2620 297 2700 Albula,
321 2622 346 2681 si
369 2623 511 2704 memini,
533 2629 606 2684 tuno
627 2621 701 2683 mihi
722 2638 830 2703 nomen
853 2629 933 2683 erat.

131 2708 259 2789 [Excipit
281 2709 409 2788 hospitio
432 2711 567 2772 iuvenem
591 2709 750 2772 Pallantius
772 2708 883 2788 beros,

174 2796 210 2857 Et
234 2797 350 2859 tandem
373 2797 449 2859 Caco
472 2797 571 2859 dehita
593 2798 819 2879 poenareniti

128 2882 228 2941 Victor
251 2883 332 2966 abit,
356 2902 517 2964 secumque
541 2884 630 2947 bores
642 2933 652 2967 ,
674 2884 831 2966 Erytheida
854 2884 1010 2965 praedam,
1036 2919 1039 2923 -

63 2980 114 3027 660
175 2967 345 3034 Abstrahit:
376 2979 407 3035 at
429 2974 551 3034 comites
572 2972 689 3052 longius
711 2976 755 3035 ire
778 2981 903 3051 negant.

130 3054 290 3134 Magnaque
313 3075 381 3136 pars
403 3059 510 3122 horum
533 3061 659 3123 desertis
682 3067 803 3123 uenerat
823 3059 928 3138 Argis,

173 3141 320 3204 Montibus
343 3145 389 3207 his
411 3155 525 3226 ponunt
543 3165 685 3227 spemque
707 3146 859 3223 laremque
882 3162 986 3206 suum.

130 3229 223 3309 Saepe
247 3239 344 3293 tamen
366 3237 476 3313 patriae
499 3234 579 3296 dulci
602 3241 762 3312 tanguntur
785 3248 903 3314 amere,

173 3321 267 3395 Atque
291 3318 396 3399 aliquis
419 3323 549 3383 moriens
571 3321 628 3382 hoe
650 3321 739 3381 breve
762 3318 880 3381 mandat
902 3338 995 3400 opus:

63 3418 113 3467 666
129 3401 262 3465 “Mittite
286 3424 333 3469 me
356 3406 478 3471 Tiberi:
509 3407 657 3469 Tiberinis
680 3413 783 3488 rectus
803 3409 835 3471 in
858 3408 945 3471 nodis

172 3492 255 3554 Litus
278 3494 314 3554 ad
338 3492 488 3557 Inachium
510 3494 607 3575 prdvis
628 3496 724 3557 irionis
746 3490 855 3559 eam.'’
