2386 3892
470 221 492 273 1.
511 223 660 274 ate-ele.
1004 215 1068 282 221

87 398 138 449 383
153 386 213 447 Pax
236 393 321 465 erat,
344 391 375 445 et
397 385 510 464 vestri,
533 382 733 466 Germanice,
756 399 844 445 causa
866 381 1032 464 triumphi,

197 472 372 533 Tradiderat
393 471 516 532 famulas
539 473 596 531 iam
621 471 675 532 tihi
696 471 818 533 Rhenus
841 490 950 552 aquas.

153 563 245 641 lene,
267 561 313 621 iac
336 566 473 620 aeternos
496 576 598 638 pacem
621 561 761 639 pacisque
783 561 952 640 ministros,

197 648 277 709 Neve
301 665 388 709 suum
400 694 410 728 ‚
433 657 572 727 praesta,
595 646 713 708 deserat
734 655 838 710 auctor
860 665 952 728 opus.

155 737 240 808 Quod
263 744 361 797 tamen
384 752 421 796 ex
443 737 517 814 ipsis
539 735 624 796 licuit
645 734 718 796 mihi
740 736 855 796 discere
878 737 980 816 lastis,

89 839 140 888 290
200 825 359 885 Sacravere
381 830 480 903 patres
503 823 558 884 hac
582 822 641 884 duo
662 822 771 902 templa
794 822 859 884 die.

155 914 278 991 Accepit
299 911 417 972 Phoebo
440 911 627 991 nymphaque
649 910 796 972 Coronide
818 918 921 973 natum

200 999 321 1081 Insula,
343 998 460 1060 dividua
483 1017 571 1079 quam
593 1001 701 1078 premit
722 1001 817 1060 amnis
840 1017 933 1079 aqua:

156 1088 289 1168 luppiter
311 1090 342 1148 in
365 1096 448 1167 parte
473 1096 538 1148 est.
562 1089 642 1166 cepit
663 1086 746 1148 locus
769 1105 848 1151 unus
871 1096 1031 1167 utrumque

200 1176 362 1255 Iunctaque
386 1183 457 1236 sunt
478 1192 583 1254 magno
606 1174 715 1255 templa
737 1177 854 1256 nepotis
877 1193 949 1237 avo.

359 1331 390 1395 2.
413 1328 472 1394 BF
517 1329 546 1394 3.
569 1327 626 1395 OG
670 1328 701 1393 4.
724 1327 786 1394 Do

92 1472 143 1522 neo
158 1459 231 1530 Qtris
249 1464 328 1518 vetat
346 1464 377 1518 et
399 1455 518 1537 stellas,
541 1462 577 1517 ut
594 1472 728 1535 quaeque
747 1456 902 1535 oriturque
921 1455 1072 1536 caditque,

202 1542 338 1607 Dicere?
367 1545 505 1624 promissi
527 1561 595 1623 pars
619 1550 678 1604 stet
700 1544 816 1625 etipsa
839 1545 915 1606 mei.

158 1634 272 1695 Felices
295 1634 430 1712 animae,
453 1631 562 1712 quihus
581 1630 657 1693 haec
680 1649 859 1712 cognoscere
882 1633 985 1712 primis

202 1722 295 1799 lnque
318 1720 424 1781 domus
447 1737 570 1800 superas
593 1720 735 1781 scandere
758 1737 830 1782 cura
852 1719 926 1783 fuit!

159 1807 306 1870 Credibile
329 1813 380 1869 est'
396 1807 463 1870 illos
484 1810 596 1888 pariter
619 1809 756 1888 vitiisque
778 1808 912 1888 locisque

93 1911 145 1960 300
204 1895 299 1958 Altius
322 1895 458 1957 humanis
482 1897 633 1957 exeruisse
656 1903 762 1976 caput.

159 1984 225 2046 Non
248 1983 347 2045 Venus
370 1990 401 2044 et
422 1985 523 2044 vinum
546 1983 681 2045 sublimia
703 1991 823 2064 pectora
845 1984 952 2066 fregit,

205 2072 378 2133 Officiumve
401 2071 481 2152 lori,
503 2071 659 2133 militiaeve
682 2071 783 2154 lahor3

160 2160 222 2222 Nec
245 2160 317 2221 levis
340 2159 459 2221 ambitio
482 2159 661 2239 perfusaque
685 2159 777 2238 gloria
799 2160 868 2221 linco

204 2247 434 2327 Magnarumque
457 2246 549 2307 fernes
572 2245 738 2307 sollicitavit
760 2264 866 2326 opum.

95 2348 146 2399 303
161 2335 324 2396 Admovere
347 2335 441 2397 oculis
465 2334 602 2395 distantia
625 2333 721 2394 sidera
743 2336 874 2414 nostris,

206 2423 392 2503 Aetheraque
414 2424 533 2500 ingenio
557 2438 740 2502 supposuere
764 2438 836 2482 suo.

163 2511 212 2573 Sic
235 2514 347 2592 petitur
369 2509 506 2573 caelum:
535 2528 595 2571 non
618 2516 653 2572 ut
673 2509 751 2570 ferat
773 2507 869 2570 Ossan
891 2506 1049 2592 Olympus,

206 2599 331 2679 lpsaque
353 2597 488 2660 Peliacus
512 2599 608 2660 sidera
630 2604 731 2676 tangat
753 2614 845 2676 apex.

162 2687 222 2748 Nos
246 2705 364 2768 quoque
387 2687 444 2748 suh
467 2686 593 2748 ducibus
616 2684 730 2747 caelum
752 2685 930 2749 metabimur
951 2685 1026 2761 illis,

96 2788 148 2837 ero
206 2775 413 2855 Ponemnsque
437 2791 507 2836 suos
530 2775 567 2836 ad
590 2790 661 2852 vaga
683 2774 767 2854 signa
790 2775 870 2836 dies.

163 2862 241 2940 Ergo
265 2863 316 2924 uhi
338 2881 397 2924 nox
419 2864 515 2924 aderit
537 2864 671 2924 venturis
693 2864 781 2926 tertia
803 2863 914 2946 Nonis,

208 2950 374 3029 Sparsaque
397 2950 520 3011 caelesti
542 2967 611 3012 rore
634 2951 764 3013 madebit
785 2952 912 3032 humus,

164 3037 315 3117 Octipedis
338 3037 448 3100 frustra
471 3047 653 3118 quaerentur
676 3038 796 3101 brachia
818 3038 943 3099 Cancri:

207 3125 353 3205 Praeceps
377 3126 515 3187 occiduas
537 3127 587 3188 ille
610 3126 721 3188 subivit
742 3143 849 3204 aquas.

97 3224 149 3274 315
163 3213 331 3274 Institerint
353 3212 477 3296 Nonae,
499 3215 583 3276 missi
605 3212 660 3274 tibi
682 3212 812 3273 nnhihus
835 3212 907 3271 atris

209 3300 296 3380 Signa
319 3301 432 3363 dabunt
453 3301 587 3380 imbres,
610 3300 762 3361 exoriente
784 3296 876 3378 Lyra.
