2386 3892
392 174 429 226 11.
448 173 599 229 111-111.
616 177 685 226 132.

350 444 488 527 LIBER
516 443 722 529 TERTIUS.

524 634 551 707 Ι.

123 780 242 857 Aequor
265 776 379 838 Iasonio
402 776 551 856 pulsatum
574 778 685 856 remige
708 779 855 858 primum,
997 791 1042 842 (⁷²)
1102 773 1106 782 ’

169 868 310 944 Quaeque
334 884 390 927 nee
413 865 498 927 hoste
521 867 585 927 iero
608 884 664 926 nec
688 869 754 926 nive
767 913 776 945 ,
800 874 879 927 terra
892 911 902 944 ,
925 882 1024 946 eures,

124 954 248 1033 quuod
272 955 329 1014 enit
352 961 470 1033 tempus
483 1000 492 1034 ,
520 972 579 1033 quo
602 971 653 1013 vos
681 971 736 1032 ego
759 953 837 1014 Naso
859 952 1042 1037 relinquam,

168 1041 202 1105 ln
226 1044 325 1103 minus
349 1041 450 1103 hostili
472 1044 572 1103 iussus
595 1041 699 1103 abesse
721 1039 813 1103 loeo?

96 1132 169 1192 sein
194 1130 267 1190 mihi
290 1130 425 1191 barbaria
449 1129 604 1191 vivendum
627 1148 745 1211 semper
767 1133 799 1191 in
821 1133 897 1212 isto,

167 1219 260 1297 Inque
284 1217 438 1279 Tomitana
460 1219 570 1279 condar
593 1226 711 1297 oportet
733 1215 851 1279 humo?

124 1307 200 1368 Pace
224 1315 297 1387 tue,
320 1309 346 1367 si
368 1325 425 1386 pax
447 1306 506 1367 ullu
530 1315 575 1368 est
597 1315 671 1388 tua,
693 1306 817 1366 Pontice
839 1305 944 1386 telius,

167 1395 326 1456 Finitimus
349 1395 451 1473 rapido
475 1413 563 1474 quam
586 1396 657 1454 terit
678 1393 773 1454 hostis
795 1412 892 1474 equ03

124 1483 199 1544 Paoe
223 1491 274 1543 iun
297 1483 406 1544 dixisse
430 1483 539 1544 velim:
575 1490 608 1542 tu
631 1484 759 1561 pessimo
782 1481 857 1542 duro

82 1583 111 1631 10
168 1571 241 1632 Pars
265 1590 297 1631 es
319 1573 350 1631 in
374 1571 483 1650 exilio,
507 1579 541 1632 tu
564 1570 639 1630 mala
662 1578 764 1630 nostra
786 1588 909 1650 gravas.

127 1659 172 1720 Tu
196 1677 293 1738 neque
317 1677 369 1719 ven
393 1662 485 1720 seniis
508 1661 639 1720 cinctum
662 1658 787 1719 florente
810 1674 937 1739 corona,

171 1747 216 1808 Tu
239 1765 336 1826 neque
360 1765 526 1816 messorum
549 1765 674 1826 corpora
697 1746 775 1807 nude
799 1747 897 1827 vides,

125 1835 187 1896 Nee
211 1835 265 1895 nbi
288 1838 457 1914 pampineas
482 1843 642 1897 autumnus
665 1836 791 1914 porrigit
813 1853 902 1896 uvas:

170 1923 283 1984 Cuncta
307 1924 358 1984 sed
381 1924 563 1984 inmodicum
585 1933 719 2003 tempora
741 1924 835 2002 frigus
859 1922 984 1984 hahent.

82 2021 111 2070 15
126 2011 171 2072 Tu
195 2011 287 2090 glaeie
311 2013 387 2072 freta
409 2014 506 2073 vineta
528 2019 636 2092 tenes,
659 2019 689 2072 et
712 2014 743 2071 in
766 2028 894 2090 aequore
917 2012 1007 2090 piscis

169 2098 305 2159 Inclusus
329 2107 407 2159 tecta
430 2117 517 2178 saepe
541 2102 651 2160 nutavit
674 2117 764 2179 equa.

125 2186 186 2246 Nee
209 2185 263 2246 tihi
286 2194 357 2246 sunt
379 2187 499 2267 sontes,
521 2186 616 2247 laticis
639 2189 697 2247 nisi
719 2205 812 2266 paene
836 2188 960 2266 marini,

170 2274 229 2344 Qui
251 2281 340 2352 potus
363 2273 486 2335 dubium
509 2277 595 2335 sistat
617 2271 712 2334 aluino
735 2277 832 2335 sitim.

127 2361 225 2442 Rara,
248 2380 345 2440 neque
368 2360 441 2422 haee
464 2361 556 2441 felix,
579 2364 610 2421 in
634 2362 744 2439 apertis
767 2363 878 2421 eminet
900 2362 977 2421 ervis

82 2461 113 2509 20
170 2450 289 2531 Arbor,
313 2457 343 2509 et
365 2451 396 2510 in
419 2458 500 2511 terra
522 2457 569 2510 est
590 2448 683 2509 altera
705 2448 799 2508 imma
821 2449 929 2507 moris.

127 2537 192 2597 Non
216 2540 277 2598 avis
300 2536 471 2616 obloquitur
495 2539 566 2611 [nisi
588 2536 669 2597 silvis
692 2537 776 2614 sique
798 2535 921 2594 remotis

170 2627 342 2706 Aequoreos
363 2643 454 2686 muco
477 2634 598 2705 gutture
621 2632 703 2704 potet
725 2621 848 2703 equas]

128 2712 235 2774 Tristia
258 2732 313 2793 per
335 2731 444 2774 naeuos
466 2713 591 2775 horrent
612 2710 758 2773 absinthia
781 2729 918 2792 compos,
999 2723 1043 2777 (ui

171 2801 416 2881 Conveniensque
440 2819 494 2862 suo
518 2803 624 2862 messis
647 2818 744 2861 amam
766 2799 849 2863 loeo.

82 2899 113 2949 25
127 2889 208 2950 Adde
232 2897 351 2969 metus,
374 2899 404 2951 et
426 2889 505 2969 quod
530 2908 633 2950 murus
656 2889 792 2968 pulsatur
814 2890 851 2951 ab
872 2888 975 2970 hoste,

172 2977 335 3057 Tinctaque
358 2979 511 3039 mortifero
533 2977 600 3039 iube
624 2981 729 3058 sagitte
751 2979 867 3058 medet3

128 3065 212 3136 Quod
237 3066 342 3145 procui
360 3066 433 3128 haee
456 3068 538 3144 regio
557 3074 602 3127 est
625 3075 655 3127 et
677 3066 713 3127 ab
732 3069 813 3127 omni
836 3064 919 3125 devie
937 3081 1044 3142 cursu,

172 3154 233 3215 Neo
256 3154 331 3233 pede
356 3173 414 3233 quo
439 3156 595 3233 quisquam
618 3172 673 3215 nee
697 3162 760 3215 rate
785 3161 869 3213 tutus
891 3159 954 3211 eet.

127 3241 192 3303 Non
216 3245 308 3321 igitur
331 3245 460 3323 mirum,
485 3243 574 3302 finem
597 3239 809 3320 quaerentibus
831 3237 938 3297 horum

83 3341 115 3390 ³0
173 3330 272 3391 Altero
296 3333 321 3391 si
343 3330 430 3391 nobis
453 3348 549 3409 usque
572 3335 693 3407 rogetur
716 3326 841 3386 humus.

128 3417 169 3478 Te
193 3421 286 3497 magis
309 3427 356 3480 est
379 3420 487 3478 mirum
509 3435 569 3479 non
592 3416 649 3475 hoe
672 3414 831 3492 evincere,
855 3413 1001 3495 coniunx,

172 3505 266 3586 inque
289 3509 363 3568 meis
386 3506 521 3567 luerimes
543 3520 631 3584 posse
654 3510 757 3563 tenere
781 3499 882 3562 molis.
