2386 3892
133 509 219 580 Quod
244 517 274 571 te
297 509 399 570 nescio
424 510 490 588 quis
512 526 567 586 per
589 510 684 587 iurgia
707 508 815 571 dixerit
838 526 903 571 esse

132 597 236 659 Exulis
261 615 407 677 uxorem,
429 595 527 658 littera
551 605 655 676 questa
678 604 727 657 tua
751 605 813 658 est

134 684 274 765 Indolui‚
297 703 357 746 nou
382 693 441 745 tam
464 702 529 745 mea
552 683 630 762 quod
654 686 771 745 lortuna
795 683 869 745 male
893 685 991 759 audit,

136 773 226 843 Qui
218 791 277 833 ram
300 775 442 833 consuevi
465 773 581 832 sortiter
605 790 670 833 esse
695 774 803 852 miser,

105 873 120 921 5
138 861 232 931 Quam
253 860 350 941 quod,
370 862 419 921 cui
437 862 557 920 minime
575 859 697 939 vellem,
722 877 786 920 sum
806 877 893 921 causa
915 775 1054 943 pudoris,

135 948 238 1028 Teque
263 966 332 1009 reor
355 950 465 1009 nostris
489 947 644 1008 erubuisse
669 946 768 1008 malis.

134 1036 239 1096 Perfer
263 1044 294 1096 et
317 1035 450 1097 obdura!
483 1035 575 1096 multo
598 1038 731 1114 graviora
754 1035 863 1116 tulisti,

135 1124 255 1204 Eripuit
279 1142 347 1185 cum
370 1142 417 1184 me
440 1125 584 1204 principis
607 1126 650 1183 ira
674 1123 744 1184 tihi.

137 1211 262 1273 Fallitur
285 1214 341 1273 iste
366 1219 485 1294 tamen,
509 1230 567 1290 quo
591 1211 688 1272 iudice
711 1214 847 1272 nominor
871 1212 956 1273 exul:

88 1313 121 1360 10
137 1300 252 1361 Mollior
276 1309 322 1361 est
346 1300 461 1378 culpam
484 1317 578 1378 poena
602 1305 702 1360 secuta
725 1317 838 1359 meam.

137 1388 262 1448 Maxima
284 1406 380 1467 poena
403 1387 474 1448 mihi
498 1395 564 1468 est,
588 1387 687 1465 Ipsum
709 1386 889 1467 offendisse,
912 1389 1054 1468 priusque

138 1475 274 1536 Venisset
297 1475 412 1536 mallem
436 1475 548 1536 funeris
572 1475 644 1534 hora
666 1474 756 1535 mihi.

97 1638 100 1644 ἕ
139 1564 251 1634 Ouassa
265 1571 364 1624 tamen
383 1571 484 1625 nostra
499 1571 560 1645 est,
575 1581 634 1623 non
650 1580 745 1622 mersa
763 1580 819 1622 neo
834 1562 939 1625 obruta
955 1567 1037 1625 navis
1046 1612 1056 1645 ,

138 1651 234 1731 thue
259 1659 341 1712 caret
364 1659 475 1730 portu,
499 1653 541 1711 sic
564 1659 662 1711 tamen
686 1659 765 1712 extat
788 1653 888 1729 aquis.

90 1752 123 1799 15
139 1740 199 1800 Nec
223 1741 312 1801 vitam
335 1757 390 1799 nec
414 1757 485 1816 opes
509 1756 564 1799 nec
587 1741 634 1799 ius
657 1739 730 1799 mihi
752 1741 823 1799 civis
847 1740 973 1821 ademit,

140 1827 221 1897 Quae
246 1828 343 1887 merui
365 1828 434 1887 vitio
459 1825 584 1904 perdere
608 1836 715 1887 cuncta
740 1845 821 1907 meo;

141 1915 198 1975 Sed
222 1916 292 1993 quia
315 1922 436 1992 peccato
460 1914 574 1975 facinus
598 1933 657 1975 non
680 1915 764 1975 alluit
787 1914 847 1997 illi!

139 2003 186 2062 Nil
209 2004 267 2062 uisi
290 2020 337 2063 me
360 2003 464 2080 patriis
487 2003 574 2063 iussit
597 2001 699 2063 abesse
724 2003 814 2063 locis.

139 2089 236 2169 thue
256 2089 342 2170 aliis,
361 2107 488 2167 quorum
506 2108 664 2151 numerum
683 2089 895 2169 comprendere
914 2109 973 2152 non
993 2100 1055 2171 cst,

90 2189 125 2238 20
141 2178 318 2238 Caesareum
341 2182 451 2238 numen
475 2179 517 2238 sic
540 2178 613 2239 mihi
637 2181 707 2239 mite
732 2179 803 2240 luit.

140 2266 205 2345 lpse
230 2265 374 2346 relegati,
398 2283 456 2325 non
481 2266 574 2326 exulis
598 2268 692 2326 utitur
715 2268 745 2325 in
769 2283 815 2326 me

140 2353 286 2414 Nomine:
314 2346 377 2414 tuta
401 2371 454 2414 suo
477 2352 575 2414 iudice
599 2370 686 2412 oacrsa
709 2370 774 2412 mea
798 2361 859 2413 est.

141 2442 208 2504 lure
232 2443 323 2519 igitur
345 2440 470 2520 laudes,
495 2440 601 2501 Caesar
613 2486 623 2519 ,
645 2457 700 2518 pro
723 2446 807 2517 parte
831 2438 908 2499 virili

142 2529 276 2589 Carmina
299 2537 401 2590 nostra
424 2535 490 2590 tuas
515 2528 739 2608 qualiacumque
762 2531 889 2605 canunt;

93 2617 208 2677 tellure
233 2617 324 2697 deos,
350 2625 383 2678 ut
406 2616 501 2677 adhuc
525 2616 598 2678 caeli
620 2615 675 2677 tibi
697 2613 796 2674 limina
820 2613 973 2694 claudant,

142 2704 243 2784 Teque
267 2704 358 2765 velint
381 2706 444 2765 sine
469 2722 522 2785 se,
546 2721 742 2784 comprecor,
765 2720 830 2763 esse
854 2702 960 2764 deum.

142 2792 231 2871 Optat
248 2792 327 2852 idem
342 2792 489 2872 populus;
517 2793 569 2854 sed
588 2802 621 2855 ut
639 2795 670 2853 in
689 2810 769 2853 mare
788 2791 909 2854 flumina
927 2799 1056 2873 vastum,

142 2880 191 2941 Sic
215 2879 290 2940 solet
313 2883 435 2958 exiguae
459 2898 580 2941 currere
604 2883 684 2942 rivus
708 2899 817 2960 aquae.

141 2968 178 3027 At
201 2976 234 3028 tu
258 2969 428 3048 loctunam,
452 2971 537 3029 cuius
561 2987 649 3030 vocor
672 2969 740 3030 exul
764 2968 799 3028 ab
823 2986 893 3048 ore,

96 3066 128 3116 30
142 3054 267 3116 Nomine
290 3055 425 3118 mendaci
448 3074 535 3135 parce
559 3075 679 3136 gravare
702 3054 815 3117 meaml

516 3190 606 3321 XII..
625 3273 628 3280 ·

144 3404 279 3486 sedhic,
303 3415 337 3468 ut
360 3405 504 3468 oblectem
528 3404 625 3465 studio
649 3398 826 3462 lacrimabile
850 3408 980 3482 tempus,

143 3493 186 3553 Ne
210 3503 334 3573 pereant
356 3496 437 3572 turpi
459 3498 580 3572 pectora
603 3497 704 3550 nostra
727 3489 803 3549 situ.

110 3597 190 3643 orn).
217 3603 263 3642 111.
880 3595 899 3666 't
