2386 3892
525 372 572 447 tt

141 516 190 578 llle
213 516 320 579 domuc
341 522 456 578 vertrae
479 516 584 596 primic
607 523 764 579 renuetur
785 514 824 579 eli
845 517 949 598 mule,

183 604 292 666 Pulsus
313 602 351 669 etl
375 601 484 665 Euxini
506 603 585 665 liaeo
607 605 728 666 einietm
751 603 838 686 ireti,
902 666 907 673 ,

141 692 228 756 Mittit
251 691 288 752 ab
310 691 463 753 indomitis
485 691 562 753 hano
574 738 584 772 ‚
607 690 785 772 Messalino,
808 691 951 773 salutem,

186 780 281 853 Quam
304 779 410 841 eolltua
432 796 575 859 praecem
597 778 720 841 esttibi
741 779 839 861 terre,
860 779 960 843 Getis.

119 868 181 931 elit
202 866 297 930 mihil
334 866 404 947 quid
428 866 506 929 lecto
527 866 629 928 vultus
649 865 706 928 tibi
727 867 848 929 nomine
870 884 931 931 non
952 876 999 929 est

184 957 243 1028 Qui
265 957 343 1035 luit,
366 963 398 1017 et
419 954 537 1017 dubitas
559 963 661 1017 cetera
682 950 864 1037 perlegere?

139 1044 285 1125 Perlege,
307 1060 363 1105 nec
386 1060 502 1105 mecum
526 1044 638 1122 pariter
659 1059 727 1105 mea
749 1041 840 1105 verior
860 1042 977 1125 relega:

152 1188 156 1197 .
182 1130 263 1193 Urbe
286 1132 357 1194 licet
379 1139 476 1193 vestra
499 1129 635 1192 rereilrue
657 1147 724 1193 cese
745 1132 858 1194 meie.·

140 1220 204 1282 Nou
227 1238 282 1299 ego
306 1221 452 1300 concepi,
475 1221 501 1280 ei
522 1217 625 1280 Pelion
648 1216 723 1279 Ocea
744 1217 880 1299 tulleeet,

103 1319 129 1369 to
184 1307 269 1376 Clara
290 1325 356 1369 mea
378 1310 459 1386 tangi
481 1306 580 1368 sidera
601 1323 821 1386 poseo-mauu3

140 1395 200 1458 Nec
223 1413 278 1457 noe
300 1393 442 1457 Enceladi
464 1393 613 1457 dementia
635 1401 733 1456 caetra
754 1394 852 1455 secuti

172 1483 216 1545 ,ln
239 1501 343 1545 rerum
364 1484 500 1545 dominor
522 1483 669 1545 movimur
690 1499 773 1545 arou
794 1480 885 1545 deoee

140 1571 200 1634 llec
211 1618 221 1653 ‚
244 1571 324 1652 quod
347 1570 476 1651 Tydidae
498 1573 657 1632 temeraria
678 1569 801 1633 dextera
822 1569 912 1652 lecit,

184 1658 312 1722 Numina
334 1667 405 1721 auut
427 1658 495 1721 tolie
516 1657 575 1721 ulla
598 1659 691 1738 petita
712 1661 805 1721 mela.

102 1756 128 1807 15
141 1745 193 1810 Est
214 1765 281 1809 mea
304 1746 392 1828 culpa
412 1748 533 1827 gravis,
561 1746 614 1809 sed
636 1764 713 1826 quae
742 1765 790 1809 me
812 1744 939 1828 perdere
962 1744 1059 1809 solum

182 1834 262 1896 Auca
285 1836 326 1903 sit
338 1883 347 1917 ,
370 1843 401 1897 et
422 1834 537 1897 nullum
559 1836 655 1897 maius
677 1834 781 1898 adorta
802 1835 904 1897 nolae.

140 1923 187 1985 Nil
209 1926 268 1986 nisi
289 1942 351 1986 nou
374 1925 491 2004 sapiens
513 1940 635 2003 possum
658 1923 839 2005 timidusque
861 1923 978 1985 vocari:

182 2010 263 2073 Haec
286 2010 345 2077 duo
368 2021 440 2075 eunt
461 2013 551 2073 animi
573 2012 692 2075 nomina
714 2029 784 2074 vera
805 2012 883 2075 ruet.

141 2097 214 2162 Esse
236 2099 358 2180 quidem
380 2099 474 2161 fateor
496 2101 633 2162 meritam
654 2108 723 2180 poet
745 2098 880 2163 ueruto
902 2100 977 2162 uem
1013 2111 1058 2163 ‹⁸⁹›

99 2193 129 2247 uo
182 2187 339 2257 Difficilem
360 2186 501 2267 precibus
522 2195 553 2249 te
575 2204 695 2268 quoque
717 2189 783 2251 iure
805 2189 901 2268 meie3

141 2275 281 2356 Quaeque
304 2285 355 2339 tua
377 2285 426 2339 eet
447 2277 542 2356 pictae
564 2277 597 2341 in
618 2283 715 2339 toturn
736 2292 847 2337 nomen
868 2273 945 2358 tut,·

182 2364 226 2425 'le
248 2364 325 2425 laedi
337 2410 348 2444 ,
370 2381 439 2426 cum
462 2365 530 2443 quie
552 2362 679 2425 laeditur
700 2360 795 2442 inde,
815 2369 921 2442 putat.

140 2451 198 2514 Sed
220 2451 291 2514 licet
313 2469 395 2513 arma
416 2452 496 2513 ieras
519 2458 549 2512 et
570 2448 693 2511 vulnera
715 2466 803 2517 saeva
824 2450 965 2530 mineris,

182 2538 249 2602 Nou
270 2547 370 2602 tumen
393 2539 528 2621 efficies,
553 2546 589 2600 ut
609 2538 733 2601 timeare
756 2535 847 2601 mihi.

93 2633 126 2687 25
139 2626 251 2708 Puppis
272 2627 512 2691 Achaemeniden
535 2625 657 2689 Graium
679 2625 806 2689 Troiana
828 2627 960 2708 recepitt

130 2773 134 2779 .
184 2715 303 2778 Proluit
326 2724 357 2778 et
378 2716 460 2795 ldpeo
482 2714 579 2778 Pelias
601 2714 685 2779 liaeo
708 2713 795 2778 duci.
826 2752 829 2757 ·

140 2803 280 2883 Confugit
300 2803 452 2867 interdum
474 2802 577 2884 templi
599 2802 723 2866 violator
745 2801 783 2866 od
805 2820 904 2888 arem,
1000 2876 1004 2881 ,

182 2891 245 2955 Nec
267 2900 370 2972 petere
393 2892 499 2955 olienei
521 2893 653 2955 numinis
674 2891 780 2957 horret
799 2910 909 2974 opem.

139 2979 254 3041 Dixerit
276 2980 333 3042 hoo
356 2979 463 3060 aliquia
485 2987 585 3047 tutum
606 2999 667 3045 nou
689 2998 779 3045 oeae.
815 2981 959 3043 latemur.

86 3074 125 3129 uo
184 3067 243 3128 Sed
267 3086 327 3131 nou
349 3085 404 3149 per
426 3067 556 3149 placidae
578 3070 603 3133 it
624 3087 689 3133 mea
711 3069 820 3150 puppis
843 3083 950 3146 aguas.
1011 3147 1013 3151 y

138 3155 215 3218 Tuta
236 3164 340 3236 petant
362 3155 435 3218 ulii.
472 3157 592 3220 lortuua
616 3159 784 3219 miserrima
807 3160 872 3215 tuta
892 3160 940 3215 eet

86 3250 124 3303 32
183 3243 257 3304 Nam
279 3246 369 3306 timor
391 3252 517 3308 crentur
539 3244 697 3309 deterioria
719 3240 823 3303 abest.

87 3340 125 3391 35
139 3329 198 3402 Qui
220 3333 335 3412 rapitur
803 3360 806 3367 ·

182 3419 312 3500 Porrigit
334 3421 435 3501 epium
458 3419 609 3500 duraquae
631 3433 700 3481 saxa
729 3478 733 3487 ,

140 3505 394 3589 [Accipitremque
417 3509 527 3571 timone
549 3506 656 3589 peunie
677 3500 896 3584 trepidantibus
917 3505 980 3571 aleo

104 3613 186 3658 ovn).
211 3617 258 3658 111.
865 3610 901 3665 1ss
