<?xml version="1.0" encoding="UTF-8"?>
<!DOCTYPE html PUBLIC "-//W3C//DTD XHTML 1.0 Transitional//EN"
    "http://www.w3.org/TR/xhtml1/DTD/xhtml1-transitional.dtd">
<html xmlns="http://www.w3.org/1999/xhtml" xml:lang="en" lang="en">
 <head>
  <title>
</title>
<meta http-equiv="Content-Type" content="text/html;charset=utf-8" />
  <meta name='ocr-system' content='tesseract 3.04.00' />
  <meta name='ocr-capabilities' content='ocr_page ocr_carea ocr_par ocr_line ocrx_word'/>
</head>
<body>
  <div class='ocr_page' id='page_1' title='image "./ovidiusexiterat00ovidgoog_0392.png"; bbox 0 0 2386 3892; ppageno 0'>
   <div class='ocr_carea' id='block_1_1' title="bbox 462 198 1069 265">
    <p class='ocr_par' dir='ltr' id='par_1_1' title="bbox 462 198 1069 265">
     <span class='ocr_line' id='line_1_1' title="bbox 462 198 1069 265; baseline 0 -11"><span class='ocrx_word' id='word_1_1' title='bbox 462 202 509 254; x_wconf 89' lang='lat' dir='ltr'><strong>v1.</strong></span> <span class='ocrx_word' id='word_1_2' title='bbox 528 204 676 255; x_wconf 76' lang='lat' dir='ltr'><strong>iot-tao.</strong></span> <span class='ocrx_word' id='word_1_3' title='bbox 1005 198 1069 265; x_wconf 78' lang='grc'><strong>341</strong></span> 
     </span>
    </p>
   </div>
   <div class='ocr_carea' id='block_1_2' title="bbox 88 363 1124 3517">
    <p class='ocr_par' dir='ltr' id='par_1_2' title="bbox 88 363 1124 3517">
     <span class='ocr_line' id='line_1_2' title="bbox 155 363 932 445; baseline 0 -19"><span class='ocrx_word' id='word_1_4' title='bbox 155 365 233 437; x_wconf 82' lang='lat' dir='ltr'><strong>Quid</strong></span> <span class='ocrx_word' id='word_1_5' title='bbox 256 366 386 445; x_wconf 87' lang='lat' dir='ltr'><strong>mirum,</strong></span> <span class='ocrx_word' id='word_1_6' title='bbox 409 365 492 444; x_wconf 86' lang='lat' dir='ltr'><strong>virgo</strong></span> <span class='ocrx_word' id='word_1_7' title='bbox 515 366 541 425; x_wconf 87' lang='lat' dir='ltr'><strong>si</strong></span> <span class='ocrx_word' id='word_1_8' title='bbox 564 365 677 444; x_wconf 76' lang='lat' dir='ltr'><strong>virgine</strong></span> <span class='ocrx_word' id='word_1_9' title='bbox 699 363 775 425; x_wconf 91' lang='lat' dir='ltr'><strong>laeta</strong></span> <span class='ocrx_word' id='word_1_10' title='bbox 798 364 932 426; x_wconf 85' lang='lat' dir='ltr'><strong>ministra</strong></span> 
     </span>
     <span class='ocr_line' id='line_1_3' title="bbox 88 448 1035 516; baseline 0 -1"><span class='ocrx_word' id='word_1_11' title='bbox 88 467 141 516; x_wconf 81' lang='grc'><strong>000</strong></span> <span class='ocrx_word' id='word_1_12' title='bbox 200 453 335 514; x_wconf 77' lang='lat' dir='ltr'><strong>Admittit</strong></span> <span class='ocrx_word' id='word_1_13' title='bbox 358 460 453 514; x_wconf 90' lang='lat' dir='ltr'><strong>castas</strong></span> <span class='ocrx_word' id='word_1_14' title='bbox 475 451 512 513; x_wconf 88' lang='lat' dir='ltr'><strong>ad</strong></span> <span class='ocrx_word' id='word_1_15' title='bbox 535 469 588 513; x_wconf 89' lang='lat' dir='ltr'><strong>sna</strong></span> <span class='ocrx_word' id='word_1_16' title='bbox 611 469 695 513; x_wconf 89' lang='lat' dir='ltr'><strong>sacra</strong></span> <span class='ocrx_word' id='word_1_17' title='bbox 718 448 849 514; x_wconf 75' lang='lat' dir='ltr'><strong>manus?</strong></span> <span class='ocrx_word' id='word_1_18' title='bbox 1033 510 1035 515; x_wconf 88' lang='lat'><em>.</em></span> 
     </span>
     <span class='ocr_line' id='line_1_4' title="bbox 154 538 1124 620; baseline 0 -18"><span class='ocrx_word' id='word_1_19' title='bbox 154 540 216 602; x_wconf 90' lang='lat' dir='ltr'><strong>Nec</strong></span> <span class='ocrx_word' id='word_1_20' title='bbox 234 548 268 602; x_wconf 92' lang='grc'><strong>00</strong></span> <span class='ocrx_word' id='word_1_21' title='bbox 287 540 366 602; x_wconf 89' lang='lat' dir='ltr'><strong>aliud</strong></span> <span class='ocrx_word' id='word_1_22' title='bbox 384 540 518 620; x_wconf 86' lang='lat' dir='ltr'><strong>Vestam,</strong></span> <span class='ocrx_word' id='word_1_23' title='bbox 537 558 624 618; x_wconf 90' lang='lat' dir='ltr'><strong>quam</strong></span> <span class='ocrx_word' id='word_1_24' title='bbox 644 541 737 601; x_wconf 88' lang='lat' dir='ltr'><strong>rivam</strong></span> <span class='ocrx_word' id='word_1_25' title='bbox 755 539 892 619; x_wconf 80' lang='lat' dir='ltr'><strong>intellege</strong></span> <span class='ocrx_word' id='word_1_26' title='bbox 910 538 1070 620; x_wconf 79' lang='lat' dir='ltr'><strong>dammam3</strong></span> <span class='ocrx_word' id='word_1_27' title='bbox 1120 568 1124 575; x_wconf 93' lang='lat'><em>·</em></span> 
     </span>
     <span class='ocr_line' id='line_1_5' title="bbox 199 627 1015 708; baseline 0.001 -19"><span class='ocrx_word' id='word_1_28' title='bbox 199 628 332 708; x_wconf 87' lang='lat' dir='ltr'><strong>Nataque</strong></span> <span class='ocrx_word' id='word_1_29' title='bbox 355 629 393 690; x_wconf 87' lang='lat' dir='ltr'><strong>do</strong></span> <span class='ocrx_word' id='word_1_30' title='bbox 415 627 532 689; x_wconf 90' lang='lat' dir='ltr'><strong>llamma</strong></span> <span class='ocrx_word' id='word_1_31' title='bbox 554 645 679 706; x_wconf 88' lang='lat' dir='ltr'><strong>corpora</strong></span> <span class='ocrx_word' id='word_1_32' title='bbox 701 627 781 689; x_wconf 88' lang='lat' dir='ltr'><strong>nulla</strong></span> <span class='ocrx_word' id='word_1_33' title='bbox 803 628 900 690; x_wconf 81' lang='lat' dir='ltr'><strong>rides.</strong></span> <span class='ocrx_word' id='word_1_34' title='bbox 999 629 1015 693; x_wconf 66' lang='lat' dir='ltr'><em>s</em></span> 
     </span>
     <span class='ocr_line' id='line_1_6' title="bbox 156 715 1017 796; baseline 0 -17"><span class='ocrx_word' id='word_1_35' title='bbox 156 716 224 778; x_wconf 91' lang='lat' dir='ltr'><strong>lure</strong></span> <span class='ocrx_word' id='word_1_36' title='bbox 247 720 338 796; x_wconf 83' lang='lat' dir='ltr'><strong>igitur</strong></span> <span class='ocrx_word' id='word_1_37' title='bbox 360 718 443 795; x_wconf 79' lang='lat' dir='ltr'><strong>virgo</strong></span> <span class='ocrx_word' id='word_1_38' title='bbox 467 722 513 776; x_wconf 90' lang='lat' dir='ltr'><strong>est</strong></span> <span class='ocrx_word' id='word_1_39' title='bbox 525 760 534 795; x_wconf 88' lang='lat'>‚</span> <span class='ocrx_word' id='word_1_40' title='bbox 558 732 632 794; x_wconf 88' lang='lat' dir='ltr'><strong>quae</strong></span> <span class='ocrx_word' id='word_1_41' title='bbox 655 716 767 776; x_wconf 89' lang='lat' dir='ltr'><strong>semina</strong></span> <span class='ocrx_word' id='word_1_42' title='bbox 790 715 870 777; x_wconf 87' lang='lat' dir='ltr'><strong>nulla</strong></span> <span class='ocrx_word' id='word_1_43' title='bbox 892 717 1017 779; x_wconf 82' lang='lat' dir='ltr'><strong>remittit</strong></span> 
     </span>
     <span class='ocr_line' id='line_1_7' title="bbox 198 803 911 884; baseline -0.001 -18"><span class='ocrx_word' id='word_1_44' title='bbox 198 805 260 866; x_wconf 91' lang='lat' dir='ltr'><strong>Nec</strong></span> <span class='ocrx_word' id='word_1_45' title='bbox 284 805 363 884; x_wconf 91' lang='lat' dir='ltr'><strong>capit</strong></span> <span class='ocrx_word' id='word_1_46' title='bbox 375 848 385 884; x_wconf 83' lang='lat'><strong><em>,</em></strong></span> <span class='ocrx_word' id='word_1_47' title='bbox 406 811 441 863; x_wconf 91' lang='grc'><strong>00</strong></span> <span class='ocrx_word' id='word_1_48' title='bbox 463 805 586 864; x_wconf 83' lang='lat' dir='ltr'><strong>comites</strong></span> <span class='ocrx_word' id='word_1_49' title='bbox 608 803 785 880; x_wconf 79' lang='lat' dir='ltr'><strong>virginitatis</strong></span> <span class='ocrx_word' id='word_1_50' title='bbox 806 803 911 865; x_wconf 88' lang='lat' dir='ltr'><strong>hahet.</strong></span> 
     </span>
     <span class='ocr_line' id='line_1_8' title="bbox 89 889 882 972; baseline -0.005 -18"><span class='ocrx_word' id='word_1_51' title='bbox 89 906 140 956; x_wconf 78' lang='grc'><strong>000</strong></span> <span class='ocrx_word' id='word_1_52' title='bbox 155 892 229 954; x_wconf 85' lang='lat' dir='ltr'><strong>Esse</strong></span> <span class='ocrx_word' id='word_1_53' title='bbox 253 892 303 953; x_wconf 91' lang='lat' dir='ltr'><strong>diu</strong></span> <span class='ocrx_word' id='word_1_54' title='bbox 328 890 437 952; x_wconf 91' lang='lat' dir='ltr'><strong>stultus</strong></span> <span class='ocrx_word' id='word_1_55' title='bbox 459 889 564 952; x_wconf 79' lang='lat' dir='ltr'><strong>Vestae</strong></span> <span class='ocrx_word' id='word_1_56' title='bbox 587 889 743 951; x_wconf 90' lang='lat' dir='ltr'><strong>simulacra</strong></span> <span class='ocrx_word' id='word_1_57' title='bbox 764 892 882 972; x_wconf 86' lang='lat' dir='ltr'><strong>putari,</strong></span> 
     </span>
     <span class='ocr_line' id='line_1_9' title="bbox 199 976 868 1041; baseline 0 0"><span class='ocrx_word' id='word_1_58' title='bbox 199 980 267 1041; x_wconf 85' lang='lat' dir='ltr'><strong>Mox</strong></span> <span class='ocrx_word' id='word_1_59' title='bbox 290 979 379 1041; x_wconf 93' lang='lat' dir='ltr'><strong>didici</strong></span> <span class='ocrx_word' id='word_1_60' title='bbox 402 997 493 1040; x_wconf 87' lang='lat' dir='ltr'><strong>curvo</strong></span> <span class='ocrx_word' id='word_1_61' title='bbox 516 976 596 1039; x_wconf 89' lang='lat' dir='ltr'><strong>nulla</strong></span> <span class='ocrx_word' id='word_1_62' title='bbox 619 977 742 1040; x_wconf 85' lang='lat' dir='ltr'><strong>subesse</strong></span> <span class='ocrx_word' id='word_1_63' title='bbox 765 978 868 1041; x_wconf 85' lang='lat' dir='ltr'><strong>tholo.</strong></span> 
     </span>
     <span class='ocr_line' id='line_1_10' title="bbox 155 1064 994 1159; baseline -0.004 -30"><span class='ocrx_word' id='word_1_64' title='bbox 155 1069 234 1149; x_wconf 81' lang='lat' dir='ltr'><strong>ignis</strong></span> <span class='ocrx_word' id='word_1_65' title='bbox 256 1071 437 1129; x_wconf 85' lang='lat' dir='ltr'><strong>inextinctus</strong></span> <span class='ocrx_word' id='word_1_66' title='bbox 460 1064 569 1146; x_wconf 90' lang='lat' dir='ltr'><strong>templo</strong></span> <span class='ocrx_word' id='word_1_67' title='bbox 593 1064 706 1127; x_wconf 85' lang='lat' dir='ltr'><strong>celatur</strong></span> <span class='ocrx_word' id='word_1_68' title='bbox 727 1069 759 1127; x_wconf 91' lang='lat' dir='ltr'><strong>iu</strong></span> <span class='ocrx_word' id='word_1_69' title='bbox 781 1065 848 1128; x_wconf 90' lang='lat' dir='ltr'><strong>illo.</strong></span> <span class='ocrx_word' id='word_1_70' title='bbox 984 1136 994 1159; x_wconf 37' lang='grc' dir='ltr'>ι</span> 
     </span>
     <span class='ocr_line' id='line_1_11' title="bbox 200 1152 891 1234; baseline -0.001 -17"><span class='ocrx_word' id='word_1_71' title='bbox 200 1155 336 1234; x_wconf 83' lang='lat' dir='ltr'><strong>Effigiem</strong></span> <span class='ocrx_word' id='word_1_72' title='bbox 359 1154 469 1216; x_wconf 89' lang='lat' dir='ltr'><strong>nullam</strong></span> <span class='ocrx_word' id='word_1_73' title='bbox 491 1153 579 1214; x_wconf 89' lang='lat' dir='ltr'><strong>Vesta</strong></span> <span class='ocrx_word' id='word_1_74' title='bbox 601 1171 656 1215; x_wconf 88' lang='lat' dir='ltr'><strong>nec</strong></span> <span class='ocrx_word' id='word_1_75' title='bbox 678 1156 756 1233; x_wconf 79' lang='lat' dir='ltr'><strong>ignis</strong></span> <span class='ocrx_word' id='word_1_76' title='bbox 778 1152 891 1217; x_wconf 80' lang='lat' dir='ltr'><strong>hahet.¹</strong></span> 
     </span>
     <span class='ocr_line' id='line_1_12' title="bbox 158 1241 933 1324; baseline -0.001 -20"><span class='ocrx_word' id='word_1_77' title='bbox 158 1243 222 1304; x_wconf 84' lang='lat' dir='ltr'><strong>Stat</strong></span> <span class='ocrx_word' id='word_1_78' title='bbox 243 1246 272 1303; x_wconf 88' lang='lat' dir='ltr'><strong>vi</strong></span> <span class='ocrx_word' id='word_1_79' title='bbox 295 1251 374 1304; x_wconf 91' lang='lat' dir='ltr'><strong>terra</strong></span> <span class='ocrx_word' id='word_1_80' title='bbox 397 1261 472 1305; x_wconf 87' lang='lat' dir='ltr'><strong>sua:</strong></span> <span class='ocrx_word' id='word_1_81' title='bbox 503 1243 532 1301; x_wconf 85' lang='lat' dir='ltr'><strong>vi</strong></span> <span class='ocrx_word' id='word_1_82' title='bbox 554 1241 659 1302; x_wconf 89' lang='lat' dir='ltr'><strong>stando</strong></span> <span class='ocrx_word' id='word_1_83' title='bbox 683 1241 771 1303; x_wconf 91' lang='lat' dir='ltr'><strong>Vesta</strong></span> <span class='ocrx_word' id='word_1_84' title='bbox 793 1250 933 1324; x_wconf 82' lang='grc' dir='ltr'>000000ος</span> 
     </span>
     <span class='ocr_line' id='line_1_13' title="bbox 88 1329 901 1410; baseline -0.004 -16"><span class='ocrx_word' id='word_1_85' title='bbox 88 1345 142 1394; x_wconf 84' lang='grc'><strong>300</strong></span> <span class='ocrx_word' id='word_1_86' title='bbox 202 1331 354 1410; x_wconf 85' lang='lat' dir='ltr'><strong>Causaque</strong></span> <span class='ocrx_word' id='word_1_87' title='bbox 376 1348 431 1409; x_wconf 89' lang='lat' dir='ltr'><strong>par</strong></span> <span class='ocrx_word' id='word_1_88' title='bbox 454 1329 523 1390; x_wconf 88' lang='lat' dir='ltr'><strong>Grai</strong></span> <span class='ocrx_word' id='word_1_89' title='bbox 546 1331 673 1391; x_wconf 88' lang='lat' dir='ltr'><strong>nominis</strong></span> <span class='ocrx_word' id='word_1_90' title='bbox 697 1346 762 1390; x_wconf 85' lang='lat' dir='ltr'><strong>esse</strong></span> <span class='ocrx_word' id='word_1_91' title='bbox 785 1338 901 1409; x_wconf 88' lang='lat' dir='ltr'><strong>potest.</strong></span> 
     </span>
     <span class='ocr_line' id='line_1_14' title="bbox 156 1417 1024 1500; baseline 0 -20"><span class='ocrx_word' id='word_1_92' title='bbox 156 1419 193 1480; x_wconf 77' lang='lat' dir='ltr'><strong>it</strong></span> <span class='ocrx_word' id='word_1_93' title='bbox 215 1420 300 1480; x_wconf 89' lang='lat' dir='ltr'><strong>iocus</strong></span> <span class='ocrx_word' id='word_1_94' title='bbox 323 1437 339 1479; x_wconf 93' lang='lat' dir='ltr'><strong>a</strong></span> <span class='ocrx_word' id='word_1_95' title='bbox 361 1418 486 1479; x_wconf 86' lang='lat' dir='ltr'><strong>dammis</strong></span> <span class='ocrx_word' id='word_1_96' title='bbox 509 1423 540 1479; x_wconf 90' lang='lat' dir='ltr'><strong>et</strong></span> <span class='ocrx_word' id='word_1_97' title='bbox 562 1417 641 1497; x_wconf 92' lang='lat' dir='ltr'><strong>quod</strong></span> <span class='ocrx_word' id='word_1_98' title='bbox 664 1417 745 1478; x_wconf 88' lang='lat' dir='ltr'><strong>iovet</strong></span> <span class='ocrx_word' id='word_1_99' title='bbox 766 1420 885 1498; x_wconf 86' lang='lat' dir='ltr'><strong>omnia,</strong></span> <span class='ocrx_word' id='word_1_100' title='bbox 908 1418 1024 1500; x_wconf 86' lang='lat' dir='ltr'><strong>dictus;</strong></span> 
     </span>
     <span class='ocr_line' id='line_1_15' title="bbox 201 1504 891 1585; baseline -0.001 -18"><span class='ocrx_word' id='word_1_101' title='bbox 201 1506 258 1578; x_wconf 81' lang='lat' dir='ltr'><strong>eri</strong></span> <span class='ocrx_word' id='word_1_102' title='bbox 281 1508 434 1567; x_wconf 91' lang='lat' dir='ltr'><strong>tamenin</strong></span> <span class='ocrx_word' id='word_1_103' title='bbox 456 1507 560 1585; x_wconf 86' lang='lat' dir='ltr'><strong>primis</strong></span> <span class='ocrx_word' id='word_1_104' title='bbox 583 1504 705 1567; x_wconf 87' lang='lat' dir='ltr'><strong>aedibus</strong></span> <span class='ocrx_word' id='word_1_105' title='bbox 727 1512 795 1568; x_wconf 89' lang='lat' dir='ltr'><strong>ante</strong></span> <span class='ocrx_word' id='word_1_106' title='bbox 817 1506 891 1567; x_wconf 89' lang='lat' dir='ltr'><strong>iuit.</strong></span> 
     </span>
     <span class='ocr_line' id='line_1_16' title="bbox 157 1592 1072 1674; baseline 0.005 -20"><span class='ocrx_word' id='word_1_107' title='bbox 157 1595 231 1656; x_wconf 88' lang='lat' dir='ltr'><strong>Hinc</strong></span> <span class='ocrx_word' id='word_1_108' title='bbox 251 1612 369 1673; x_wconf 88' lang='lat' dir='ltr'><strong>quoque</strong></span> <span class='ocrx_word' id='word_1_109' title='bbox 387 1593 566 1655; x_wconf 79' lang='lat' dir='ltr'><strong>restibrdum</strong></span> <span class='ocrx_word' id='word_1_110' title='bbox 580 1593 638 1655; x_wconf 90' lang='lat' dir='ltr'><strong>dici</strong></span> <span class='ocrx_word' id='word_1_111' title='bbox 656 1611 744 1656; x_wconf 88' lang='lat' dir='ltr'><strong>reor:</strong></span> <span class='ocrx_word' id='word_1_112' title='bbox 764 1592 833 1655; x_wconf 90' lang='lat' dir='ltr'><strong>inde</strong></span> <span class='ocrx_word' id='word_1_113' title='bbox 852 1593 1000 1674; x_wconf 89' lang='lat' dir='ltr'><strong>precando</strong></span> <span class='ocrx_word' id='word_1_114' title='bbox 1015 1607 1072 1660; x_wconf 79' lang='grc'><strong>000</strong></span> 
     </span>
     <span class='ocr_line' id='line_1_17' title="bbox 200 1681 958 1762; baseline 0.003 -20"><span class='ocrx_word' id='word_1_115' title='bbox 200 1682 372 1743; x_wconf 87' lang='lat' dir='ltr'><strong>Praelamur</strong></span> <span class='ocrx_word' id='word_1_116' title='bbox 394 1681 535 1762; x_wconf 85' lang='lat' dir='ltr'><strong>Vestam,</strong></span> <span class='ocrx_word' id='word_1_117' title='bbox 557 1698 633 1761; x_wconf 85' lang='lat' dir='ltr'><strong>quae</strong></span> <span class='ocrx_word' id='word_1_118' title='bbox 656 1681 720 1743; x_wconf 87' lang='lat' dir='ltr'><strong>loca</strong></span> <span class='ocrx_word' id='word_1_119' title='bbox 741 1683 837 1762; x_wconf 89' lang='lat' dir='ltr'><strong>prima</strong></span> <span class='ocrx_word' id='word_1_120' title='bbox 858 1688 958 1744; x_wconf 86' lang='grc'>00000.</span> 
     </span>
     <span class='ocr_line' id='line_1_18' title="bbox 92 1769 879 1851; baseline 0.001 -20"><span class='ocrx_word' id='word_1_121' title='bbox 92 1781 144 1831; x_wconf 79' lang='grc'><strong>305</strong></span> <span class='ocrx_word' id='word_1_122' title='bbox 158 1771 233 1831; x_wconf 81' lang='lat' dir='ltr'><strong>Ante</strong></span> <span class='ocrx_word' id='word_1_123' title='bbox 256 1771 339 1831; x_wconf 89' lang='lat' dir='ltr'><strong>iocos</strong></span> <span class='ocrx_word' id='word_1_124' title='bbox 361 1769 432 1831; x_wconf 90' lang='lat' dir='ltr'><strong>olim</strong></span> <span class='ocrx_word' id='word_1_125' title='bbox 455 1771 584 1831; x_wconf 89' lang='lat' dir='ltr'><strong>scamnis</strong></span> <span class='ocrx_word' id='word_1_126' title='bbox 606 1770 761 1832; x_wconf 78' lang='lat' dir='ltr'><strong>considere</strong></span> <span class='ocrx_word' id='word_1_127' title='bbox 783 1769 879 1851; x_wconf 81' lang='lat' dir='ltr'><strong>longis</strong></span> 
     </span>
     <span class='ocr_line' id='line_1_19' title="bbox 199 1857 955 1939; baseline 0.003 -21"><span class='ocrx_word' id='word_1_128' title='bbox 199 1857 263 1918; x_wconf 86' lang='lat' dir='ltr'><strong>Mos</strong></span> <span class='ocrx_word' id='word_1_129' title='bbox 286 1866 350 1919; x_wconf 90' lang='lat' dir='ltr'><strong>erat</strong></span> <span class='ocrx_word' id='word_1_130' title='bbox 362 1904 372 1939; x_wconf 86' lang='lat'><em>,</em></span> <span class='ocrx_word' id='word_1_131' title='bbox 394 1866 425 1919; x_wconf 91' lang='grc'><strong>00</strong></span> <span class='ocrx_word' id='word_1_132' title='bbox 447 1875 566 1919; x_wconf 89' lang='lat' dir='ltr'><strong>mensae</strong></span> <span class='ocrx_word' id='word_1_133' title='bbox 589 1858 713 1920; x_wconf 91' lang='grc'>0000000</span> <span class='ocrx_word' id='word_1_134' title='bbox 735 1858 838 1921; x_wconf 88' lang='lat' dir='ltr'><strong>adesse</strong></span> <span class='ocrx_word' id='word_1_135' title='bbox 861 1858 955 1921; x_wconf 88' lang='lat' dir='ltr'><strong>deos.</strong></span> 
     </span>
     <span class='ocr_line' id='line_1_20' title="bbox 157 1945 1036 2028; baseline 0.005 -23"><span class='ocrx_word' id='word_1_136' title='bbox 157 1945 242 2006; x_wconf 89' lang='lat' dir='ltr'><strong>Nunc</strong></span> <span class='ocrx_word' id='word_1_137' title='bbox 265 1964 406 2028; x_wconf 87' lang='lat' dir='ltr'><strong>quoqne,</strong></span> <span class='ocrx_word' id='word_1_138' title='bbox 429 1964 497 2008; x_wconf 87' lang='lat' dir='ltr'><strong>cum</strong></span> <span class='ocrx_word' id='word_1_139' title='bbox 520 1947 596 2009; x_wconf 85' lang='lat' dir='ltr'><strong>flunt</strong></span> <span class='ocrx_word' id='word_1_140' title='bbox 617 1949 756 2027; x_wconf 87' lang='lat' dir='ltr'><strong>antiquae</strong></span> <span class='ocrx_word' id='word_1_141' title='bbox 778 1964 861 2009; x_wconf 89' lang='lat' dir='ltr'><strong>sacra</strong></span> <span class='ocrx_word' id='word_1_142' title='bbox 883 1946 1036 2027; x_wconf 81' lang='lat' dir='ltr'><strong>Vacunae,</strong></span> 
     </span>
     <span class='ocr_line' id='line_1_21' title="bbox 106 2033 1076 2116; baseline 0.002 -22"><span class='ocrx_word' id='word_1_143' title='bbox 106 2046 115 2052; x_wconf 77' lang='grc'><em>”</em></span> <span class='ocrx_word' id='word_1_144' title='bbox 202 2035 277 2095; x_wconf 78' lang='lat' dir='ltr'><strong>Ante</strong></span> <span class='ocrx_word' id='word_1_145' title='bbox 300 2033 462 2095; x_wconf 83' lang='lat' dir='ltr'><strong>Vacunales</strong></span> <span class='ocrx_word' id='word_1_146' title='bbox 485 2041 623 2114; x_wconf 87' lang='lat' dir='ltr'><strong>stantque</strong></span> <span class='ocrx_word' id='word_1_147' title='bbox 645 2035 809 2116; x_wconf 84' lang='lat' dir='ltr'><strong>sedentque</strong></span> <span class='ocrx_word' id='word_1_148' title='bbox 832 2035 932 2098; x_wconf 88' lang='lat' dir='ltr'><strong>iocos.</strong></span> <span class='ocrx_word' id='word_1_149' title='bbox 1071 2040 1076 2049; x_wconf 70' lang='lat'>‘</span> 
     </span>
     <span class='ocr_line' id='line_1_22' title="bbox 159 2117 960 2200; baseline 0.009 -22"><span class='ocrx_word' id='word_1_150' title='bbox 159 2119 246 2181; x_wconf 88' lang='lat' dir='ltr'><strong>Venit</strong></span> <span class='ocrx_word' id='word_1_151' title='bbox 268 2123 300 2180; x_wconf 89' lang='lat' dir='ltr'><strong>in</strong></span> <span class='ocrx_word' id='word_1_152' title='bbox 322 2121 377 2179; x_wconf 91' lang='lat' dir='ltr'><strong>hos</strong></span> <span class='ocrx_word' id='word_1_153' title='bbox 400 2138 493 2181; x_wconf 87' lang='lat' dir='ltr'><strong>annos</strong></span> <span class='ocrx_word' id='word_1_154' title='bbox 515 2121 625 2200; x_wconf 90' lang='lat' dir='ltr'><strong>aliquid</strong></span> <span class='ocrx_word' id='word_1_155' title='bbox 649 2122 686 2183; x_wconf 89' lang='lat' dir='ltr'><strong>de</strong></span> <span class='ocrx_word' id='word_1_156' title='bbox 708 2140 791 2184; x_wconf 91' lang='lat' dir='ltr'><strong>more</strong></span> <span class='ocrx_word' id='word_1_157' title='bbox 814 2117 960 2185; x_wconf 61' lang='lat' dir='ltr'><strong>vetustos</strong></span> 
     </span>
     <span class='ocr_line' id='line_1_23' title="bbox 91 2205 960 2287; baseline 0.002 -17"><span class='ocrx_word' id='word_1_158' title='bbox 91 2220 144 2270; x_wconf 84' lang='lat'><strong>310</strong></span> <span class='ocrx_word' id='word_1_159' title='bbox 202 2207 274 2268; x_wconf 86' lang='lat' dir='ltr'><strong>Fert</strong></span> <span class='ocrx_word' id='word_1_160' title='bbox 296 2209 403 2267; x_wconf 91' lang='lat' dir='ltr'><strong>missos</strong></span> <span class='ocrx_word' id='word_1_161' title='bbox 425 2205 530 2268; x_wconf 86' lang='lat' dir='ltr'><strong>Vestae</strong></span> <span class='ocrx_word' id='word_1_162' title='bbox 552 2225 627 2286; x_wconf 89' lang='lat' dir='ltr'><strong>pura</strong></span> <span class='ocrx_word' id='word_1_163' title='bbox 649 2208 756 2287; x_wconf 85' lang='lat' dir='ltr'><strong>patella</strong></span> <span class='ocrx_word' id='word_1_164' title='bbox 778 2208 879 2271; x_wconf 81' lang='lat' dir='ltr'><strong>cibos.</strong></span> <span class='ocrx_word' id='word_1_165' title='bbox 957 2246 960 2250; x_wconf 38' lang='lat'><strong>⁴</strong></span> 
     </span>
     <span class='ocr_line' id='line_1_24' title="bbox 158 2293 821 2375; baseline -0.003 -18"><span class='ocrx_word' id='word_1_166' title='bbox 158 2295 236 2357; x_wconf 84' lang='lat' dir='ltr'><strong>Ecce</strong></span> <span class='ocrx_word' id='word_1_167' title='bbox 260 2296 515 2375; x_wconf 88' lang='lat' dir='ltr'><strong>coronatis·panis</strong></span> <span class='ocrx_word' id='word_1_168' title='bbox 538 2293 685 2372; x_wconf 89' lang='lat' dir='ltr'><strong>dependet</strong></span> <span class='ocrx_word' id='word_1_169' title='bbox 707 2294 821 2374; x_wconf 89' lang='lat' dir='ltr'><strong>asellis,</strong></span> 
     </span>
     <span class='ocr_line' id='line_1_25' title="bbox 204 2381 862 2445; baseline -0.002 -1"><span class='ocrx_word' id='word_1_170' title='bbox 204 2384 242 2445; x_wconf 87' lang='lat' dir='ltr'><strong>Et</strong></span> <span class='ocrx_word' id='word_1_171' title='bbox 264 2382 362 2444; x_wconf 87' lang='lat' dir='ltr'><strong>velant</strong></span> <span class='ocrx_word' id='word_1_172' title='bbox 384 2381 503 2445; x_wconf 88' lang='lat' dir='ltr'><strong>scabras</strong></span> <span class='ocrx_word' id='word_1_173' title='bbox 525 2382 629 2443; x_wconf 90' lang='lat' dir='ltr'><strong>ilorida</strong></span> <span class='ocrx_word' id='word_1_174' title='bbox 651 2390 730 2443; x_wconf 90' lang='lat' dir='ltr'><strong>serta</strong></span> <span class='ocrx_word' id='word_1_175' title='bbox 752 2381 862 2443; x_wconf 87' lang='lat' dir='ltr'><strong>molas.</strong></span> 
     </span>
     <span class='ocr_line' id='line_1_26' title="bbox 159 2468 864 2552; baseline -0.004 -19"><span class='ocrx_word' id='word_1_176' title='bbox 159 2471 226 2533; x_wconf 88' lang='lat' dir='ltr'><strong>Sola</strong></span> <span class='ocrx_word' id='word_1_177' title='bbox 249 2474 333 2552; x_wconf 89' lang='lat' dir='ltr'><strong>prius</strong></span> <span class='ocrx_word' id='word_1_178' title='bbox 355 2471 451 2532; x_wconf 82' lang='lat' dir='ltr'><strong>furnis</strong></span> <span class='ocrx_word' id='word_1_179' title='bbox 472 2469 627 2532; x_wconf 85' lang='lat' dir='ltr'><strong>torrebant</strong></span> <span class='ocrx_word' id='word_1_180' title='bbox 648 2470 727 2531; x_wconf 88' lang='lat' dir='ltr'><strong>iarra</strong></span> <span class='ocrx_word' id='word_1_181' title='bbox 749 2468 864 2550; x_wconf 79' lang='lat' dir='ltr'><strong>coloni,</strong></span> 
     </span>
     <span class='ocr_line' id='line_1_27' title="bbox 203 2557 802 2621; baseline 0 -2"><span class='ocrx_word' id='word_1_182' title='bbox 203 2559 241 2620; x_wconf 87' lang='lat' dir='ltr'><strong>Et</strong></span> <span class='ocrx_word' id='word_1_183' title='bbox 263 2558 416 2620; x_wconf 82' lang='lat' dir='ltr'><strong>Fornacali</strong></span> <span class='ocrx_word' id='word_1_184' title='bbox 438 2565 510 2620; x_wconf 87' lang='lat' dir='ltr'><strong>sunt</strong></span> <span class='ocrx_word' id='word_1_185' title='bbox 531 2575 585 2621; x_wconf 84' lang='lat' dir='ltr'><strong>sua</strong></span> <span class='ocrx_word' id='word_1_186' title='bbox 607 2574 689 2619; x_wconf 86' lang='lat' dir='ltr'><strong>sacra</strong></span> <span class='ocrx_word' id='word_1_187' title='bbox 712 2557 802 2619; x_wconf 88' lang='lat' dir='ltr'><strong>deae:</strong></span> 
     </span>
     <span class='ocr_line' id='line_1_28' title="bbox 93 2643 937 2726; baseline 0 -20"><span class='ocrx_word' id='word_1_188' title='bbox 93 2658 145 2708; x_wconf 79' lang='lat'><strong>315</strong></span> <span class='ocrx_word' id='word_1_189' title='bbox 160 2647 353 2726; x_wconf 80' lang='lat' dir='ltr'><strong>suppositum</strong></span> <span class='ocrx_word' id='word_1_190' title='bbox 376 2648 469 2708; x_wconf 88' lang='lat' dir='ltr'><strong>cineri</strong></span> <span class='ocrx_word' id='word_1_191' title='bbox 490 2664 598 2726; x_wconf 90' lang='lat' dir='ltr'><strong>panem</strong></span> <span class='ocrx_word' id='word_1_192' title='bbox 619 2646 705 2707; x_wconf 88' lang='lat' dir='ltr'><strong>iocus</strong></span> <span class='ocrx_word' id='word_1_193' title='bbox 728 2647 792 2725; x_wconf 89' lang='lat' dir='ltr'><strong>ipso</strong></span> <span class='ocrx_word' id='word_1_194' title='bbox 814 2643 937 2724; x_wconf 86' lang='lat' dir='ltr'><strong>parabat</strong></span> 
     </span>
     <span class='ocr_line' id='line_1_29' title="bbox 204 2732 910 2815; baseline -0.003 -19"><span class='ocrx_word' id='word_1_195' title='bbox 204 2735 361 2814; x_wconf 81' lang='lat' dir='ltr'><strong>Strataque</strong></span> <span class='ocrx_word' id='word_1_196' title='bbox 383 2752 434 2796; x_wconf 89' lang='lat' dir='ltr'><strong>era</strong></span> <span class='ocrx_word' id='word_1_197' title='bbox 455 2735 556 2815; x_wconf 85' lang='grc' dir='ltr'>00οἰοο</span> <span class='ocrx_word' id='word_1_198' title='bbox 579 2733 677 2814; x_wconf 75' lang='lat' dir='ltr'><strong>tegula</strong></span> <span class='ocrx_word' id='word_1_199' title='bbox 699 2748 807 2814; x_wconf 86' lang='lat' dir='ltr'><strong>quassa</strong></span> <span class='ocrx_word' id='word_1_200' title='bbox 830 2732 910 2795; x_wconf 91' lang='lat' dir='ltr'><strong>solo.</strong></span> 
     </span>
     <span class='ocr_line' id='line_1_30' title="bbox 159 2820 976 2902; baseline 0.005 -22"><span class='ocrx_word' id='word_1_201' title='bbox 159 2820 230 2882; x_wconf 87' lang='lat' dir='ltr'><strong>Inde</strong></span> <span class='ocrx_word' id='word_1_202' title='bbox 253 2823 352 2884; x_wconf 87' lang='lat' dir='ltr'><strong>iocum</strong></span> <span class='ocrx_word' id='word_1_203' title='bbox 376 2830 474 2885; x_wconf 87' lang='lat' dir='ltr'><strong>servat</strong></span> <span class='ocrx_word' id='word_1_204' title='bbox 494 2825 589 2902; x_wconf 88' lang='lat' dir='ltr'><strong>pistor</strong></span> <span class='ocrx_word' id='word_1_205' title='bbox 611 2822 819 2902; x_wconf 82' lang='lat' dir='ltr'><strong>dominamque</strong></span> <span class='ocrx_word' id='word_1_206' title='bbox 841 2820 976 2884; x_wconf 86' lang='lat' dir='ltr'><strong>iocorum</strong></span> 
     </span>
     <span class='ocr_line' id='line_1_31' title="bbox 204 2906 874 2989; baseline 0.006 -21"><span class='ocrx_word' id='word_1_207' title='bbox 204 2906 243 2968; x_wconf 85' lang='lat' dir='ltr'><strong>Et</strong></span> <span class='ocrx_word' id='word_1_208' title='bbox 265 2928 340 2989; x_wconf 88' lang='lat' dir='ltr'><strong>quae</strong></span> <span class='ocrx_word' id='word_1_209' title='bbox 361 2912 513 2989; x_wconf 88' lang='lat' dir='ltr'><strong>pumiceas</strong></span> <span class='ocrx_word' id='word_1_210' title='bbox 534 2918 633 2972; x_wconf 86' lang='lat' dir='ltr'><strong>versat</strong></span> <span class='ocrx_word' id='word_1_211' title='bbox 654 2909 743 2972; x_wconf 83' lang='lat' dir='ltr'><strong>asella</strong></span> <span class='ocrx_word' id='word_1_212' title='bbox 764 2910 874 2973; x_wconf 85' lang='lat' dir='ltr'><strong>moles.</strong></span> 
     </span>
     <span class='ocr_line' id='line_1_32' title="bbox 160 2993 1021 3080; baseline 0.003 -26"><span class='ocrx_word' id='word_1_213' title='bbox 160 2993 369 3078; x_wconf 87' lang='lat' dir='ltr'><strong>Praeteream,</strong></span> <span class='ocrx_word' id='word_1_214' title='bbox 390 2998 557 3060; x_wconf 84' lang='lat' dir='ltr'><strong>referamne</strong></span> <span class='ocrx_word' id='word_1_215' title='bbox 579 3007 687 3080; x_wconf 87' lang='lat' dir='ltr'><strong>tuum,</strong></span> <span class='ocrx_word' id='word_1_216' title='bbox 708 2996 874 3061; x_wconf 84' lang='lat' dir='ltr'><strong>rubicunde</strong></span> <span class='ocrx_word' id='word_1_217' title='bbox 897 2995 1021 3078; x_wconf 80' lang='lat' dir='ltr'><strong>Priape,</strong></span> 
     </span>
     <span class='ocr_line' id='line_1_33' title="bbox 93 3080 881 3165; baseline 0.003 -22"><span class='ocrx_word' id='word_1_218' title='bbox 93 3094 146 3143; x_wconf 82' lang='lat'><strong>320</strong></span> <span class='ocrx_word' id='word_1_219' title='bbox 205 3080 370 3145; x_wconf 79' lang='lat' dir='ltr'><strong>Dedecus?</strong></span> <span class='ocrx_word' id='word_1_220' title='bbox 400 3094 447 3148; x_wconf 87' lang='lat' dir='ltr'><strong>est</strong></span> <span class='ocrx_word' id='word_1_221' title='bbox 469 3086 555 3149; x_wconf 84' lang='lat' dir='ltr'><strong>multi</strong></span> <span class='ocrx_word' id='word_1_222' title='bbox 575 3085 674 3148; x_wconf 89' lang='lat' dir='ltr'><strong>iabnla</strong></span> <span class='ocrx_word' id='word_1_223' title='bbox 695 3103 784 3165; x_wconf 84' lang='lat' dir='ltr'><strong>parra</strong></span> <span class='ocrx_word' id='word_1_224' title='bbox 806 3086 881 3146; x_wconf 89' lang='lat' dir='ltr'><strong>ioci.</strong></span> 
     </span>
     <span class='ocr_line' id='line_1_34' title="bbox 159 3170 889 3254; baseline 0.001 -23"><span class='ocrx_word' id='word_1_225' title='bbox 159 3170 320 3251; x_wconf 79' lang='lat' dir='ltr'><strong>Turrigero</strong></span> <span class='ocrx_word' id='word_1_226' title='bbox 341 3172 469 3235; x_wconf 84' lang='lat' dir='ltr'><strong>frontem</strong></span> <span class='ocrx_word' id='word_1_227' title='bbox 492 3173 599 3254; x_wconf 74' lang='lat' dir='ltr'><strong>Cybele</strong></span> <span class='ocrx_word' id='word_1_228' title='bbox 621 3173 758 3234; x_wconf 88' lang='lat' dir='ltr'><strong>redimita</strong></span> <span class='ocrx_word' id='word_1_229' title='bbox 780 3189 889 3233; x_wconf 85' lang='lat' dir='ltr'><strong>corona</strong></span> 
     </span>
     <span class='ocr_line' id='line_1_35' title="bbox 204 3259 920 3322; baseline 0.004 -3"><span class='ocrx_word' id='word_1_230' title='bbox 204 3259 352 3322; x_wconf 83' lang='lat' dir='ltr'><strong>Convocat</strong></span> <span class='ocrx_word' id='word_1_231' title='bbox 373 3269 511 3322; x_wconf 89' lang='lat' dir='ltr'><strong>aeternos</strong></span> <span class='ocrx_word' id='word_1_232' title='bbox 533 3260 569 3321; x_wconf 87' lang='lat' dir='ltr'><strong>ad</strong></span> <span class='ocrx_word' id='word_1_233' title='bbox 592 3277 646 3322; x_wconf 87' lang='lat' dir='ltr'><strong>sua</strong></span> <span class='ocrx_word' id='word_1_234' title='bbox 668 3259 743 3321; x_wconf 87' lang='lat' dir='ltr'><strong>ieeto</strong></span> <span class='ocrx_word' id='word_1_235' title='bbox 765 3259 854 3321; x_wconf 88' lang='lat' dir='ltr'><strong>deos.</strong></span> <span class='ocrx_word' id='word_1_236' title='bbox 918 3315 920 3322; x_wconf 93' lang='lat'><em>.</em></span> 
     </span>
     <span class='ocr_line' id='line_1_36' title="bbox 160 3344 1055 3430; baseline 0.003 -25"><span class='ocrx_word' id='word_1_237' title='bbox 160 3345 308 3408; x_wconf 82' lang='lat' dir='ltr'><strong>Convocat</strong></span> <span class='ocrx_word' id='word_1_238' title='bbox 330 3357 360 3411; x_wconf 90' lang='grc'><strong>00</strong></span> <span class='ocrx_word' id='word_1_239' title='bbox 383 3357 498 3428; x_wconf 79' lang='lat' dir='ltr'><strong>satyros</strong></span> <span class='ocrx_word' id='word_1_240' title='bbox 521 3356 573 3429; x_wconf 85' lang='lat' dir='ltr'><strong>et,</strong></span> <span class='ocrx_word' id='word_1_241' title='bbox 595 3347 706 3409; x_wconf 88' lang='lat' dir='ltr'><strong>mstioa</strong></span> <span class='ocrx_word' id='word_1_242' title='bbox 728 3349 871 3427; x_wconf 87' lang='lat' dir='ltr'><strong>numina,</strong></span> <span class='ocrx_word' id='word_1_243' title='bbox 893 3344 1055 3430; x_wconf 70' lang='grc'>00000000</span> 
     </span>
     <span class='ocr_line' id='line_1_37' title="bbox 205 3432 896 3517; baseline 0.006 -24"><span class='ocrx_word' id='word_1_244' title='bbox 205 3432 344 3516; x_wconf 87' lang='lat' dir='ltr'><strong>Silenus,</strong></span> <span class='ocrx_word' id='word_1_245' title='bbox 367 3437 501 3515; x_wconf 84' lang='lat' dir='ltr'><strong>quamvis</strong></span> <span class='ocrx_word' id='word_1_246' title='bbox 523 3453 610 3497; x_wconf 90' lang='lat' dir='ltr'><strong>nemo</strong></span> <span class='ocrx_word' id='word_1_247' title='bbox 633 3442 774 3517; x_wconf 79' lang='lat' dir='ltr'><strong>vocarat,</strong></span> <span class='ocrx_word' id='word_1_248' title='bbox 795 3433 896 3508; x_wconf 88' lang='lat' dir='ltr'><strong>adest.</strong></span> 
     </span>
    </p>
   </div>
   <div class='ocr_carea' id='block_1_3' title="bbox 92 3519 1075 3603">
    <p class='ocr_par' dir='ltr' id='par_1_3' title="bbox 92 3519 1075 3603">
     <span class='ocr_line' id='line_1_38' title="bbox 92 3519 1075 3603; baseline 0.008 -22"><span class='ocrx_word' id='word_1_249' title='bbox 92 3532 144 3581; x_wconf 77' lang='lat'><strong>325</strong></span> <span class='ocrx_word' id='word_1_250' title='bbox 158 3519 220 3582; x_wconf 89' lang='lat' dir='ltr'><strong>Nec</strong></span> <span class='ocrx_word' id='word_1_251' title='bbox 236 3520 307 3583; x_wconf 90' lang='lat' dir='ltr'><strong>licet</strong></span> <span class='ocrx_word' id='word_1_252' title='bbox 324 3529 355 3583; x_wconf 88' lang='grc'><strong>00</strong></span> <span class='ocrx_word' id='word_1_253' title='bbox 376 3521 497 3602; x_wconf 78' lang='lat' dir='ltr'><strong>longum</strong></span> <span class='ocrx_word' id='word_1_254' title='bbox 515 3531 562 3585; x_wconf 87' lang='lat' dir='ltr'><strong>est</strong></span> <span class='ocrx_word' id='word_1_255' title='bbox 584 3522 685 3603; x_wconf 87' lang='lat' dir='ltr'><strong>epulas</strong></span> <span class='ocrx_word' id='word_1_256' title='bbox 703 3538 825 3584; x_wconf 87' lang='lat' dir='ltr'><strong>narrare</strong></span> <span class='ocrx_word' id='word_1_257' title='bbox 848 3521 990 3585; x_wconf 85' lang='lat' dir='ltr'><strong>deorum.</strong></span> <span class='ocrx_word' id='word_1_258' title='bbox 1018 3532 1075 3589; x_wconf 72' lang='lat'><strong>(2⁰⁶)</strong></span> 
     </span>
    </p>
   </div>
   <div class='ocr_carea' id='block_1_4' title="bbox 0 0 1198 3892">
    <p class='ocr_par' dir='ltr' id='par_1_4' title="bbox 0 0 1198 3892">
     <span class='ocr_line' id='line_1_39' title="bbox 0 0 1198 3892; baseline 0 0"><span class='ocrx_word' id='word_1_259' title='bbox 0 0 1198 3892; x_wconf 95' lang='lat' dir='ltr'><strong> </strong></span> 
     </span>
    </p>
   </div>
  </div>
 </body>
</html>
