2386 3892
466 169 512 219 IV.
531 171 679 222 696-763.
1006 164 1073 232 305

159 329 246 390 Certe
270 348 323 408 ego
347 328 483 391 transilui
504 332 615 410 positas
638 338 685 392 ter
707 332 737 390 in
760 329 865 391 ordine
887 328 1038 412 llsmmas,

201 417 321 496 Udaque
336 425 459 479 ·roratas
482 418 581 481 laurea
604 420 685 481 misit
707 435 814 498 aquas.

156 505 232 565 Mota
257 505 310 565 dea
334 514 378 568 est
391 553 400 586 ,
424 508 565 589 operique
589 507 687 568 iavet.
729 504 879 569 navalibus
902 507 950 566 exi

89 605 143 655 770
202 591 334 675 Puppis!
367 593 475 655 habent
498 602 601 655 ventos
623 596 682 655 iam
705 593 855 655 meacula
878 610 965 655 snos.

157 680 186 760 1,
209 690 276 759 pete
301 684 451 762 virginea,
475 681 602 760 populus
615 727 624 760 ,
648 682 786 743 suffimen
808 680 844 743 ab
867 699 934 762 ara3

200 767 287 835 Vesta
311 769 412 845 dabit,
436 769 539 831 Vestae
562 787 686 831 munere
709 786 802 848 purus
825 769 901 829 eris.

159 857 284 935 Sanguis
308 859 377 935 equi
400 857 537 919 suffimen
561 858 618 918 erit
640 857 782 936 vitulique
805 854 917 933 invilla,

201 945 302 1004 Tertia
325 963 373 1005 res
396 944 487 1006 durae
511 945 628 1015 culmen
650 947 737 1007 inane
760 943 860 1011 labae.

90 1045 142 1095 735
156 1033 281 1112 Ρ77707,
305 1051 374 1093 0777
396 1041 512 1094 saturas
536 1033 571 1095 ad
593 1035 689 1113 prima
707 1030 886 1113 crepuscula
907 1031 1019 1097 lustra:

202 1120 284 1181 Unda
307 1123 391 1199 prius
414 1130 552 1202 spargat,
575 1123 715 1200 virgaque
739 1129 837 1183 verrat
858 1119 1000 1201 humum,

157 1209 324 1270 Frondibus
348 1216 378 1269 et
401 1209 466 1275 fixis
489 1210 668 1271 decorentur
691 1208 776 1279 071117
799 1210 906 1288 ramis,

201 1297 239 1359 Et
262 1304 342 1377 tegat
364 1306 481 1359 ornatas
504 1297 590 1375 longa
613 1314 722 1359 corona
745 1296 841 1357 10777.

157 1384 292 1445 Caerulei
314 1386 385 1445 liant
407 1387 471 1444 viro
495 1383 532 1447 de
554 1383 676 1466 sulpure
699 1384 790 1460 lumi,

91 1485 144 1535 740
203 1474 351 1552 Tectaque
374 1473 500 1534 fumanti
522 1472 644 1552 sulpure
666 1471 745 1533 balet
767 1472 847 1533 0717.

158 1562 216 1620 Ure
240 1579 335 1621 mares
359 1561 437 1621 oleas
460 1560 633 1639 taedamque
655 1559 821 1639 herbasque
845 1556 985 1639 Sabinas,

202 1647 239 1708 Et
262 1656 363 1727 crepet
385 1650 415 1709 in
438 1647 544 1709 mediis
566 1648 667 1709 laurus
690 1647 793 1710 adusta
816 1647 906 1709 iocis.

156 1736 286 1813 Libaque
310 1736 346 1797 dc
371 1735 450 1799 milio
474 1736 546 1798 milii
568 1731 677 1798 fiscella
699 1744 861 1816 aequatura

202 1823 322 1884 Rustica
344 1827 502 1904 praecipue
526 1833 572 1886 est
594 1825 650 1887 boc
673 1823 727 1887 dea
749 1824 825 1886 lacta
848 1822 932 1885 cibo.

90 1924 141 1972 747
155 1895 238 1970 ‘Adde
262 1911 350 1990 dapes
374 1911 588 1992 mulctramque
611 1931 680 1977 suas
692 1959 715 1993 ,
711 1911 906 1992 dapibusque
925 1912 1056 1972 resectis

203 1998 367 2061 silvicolam
390 2001 490 2080 tepido
513 2000 588 2063 lactc
610 2018 733 2081 precare
753 1999 861 2067 Pelen.

158 2082 316 2148 Consule'
340 2083 421 2151 dic
425 2091 528 2167 pecori
550 2091 661 2167 pariter
676 2091 859 2169 ,pecorisque
878 2088 1051 2168 magistris:

201 2174 328 2252 Effugiat
351 2173 475 2241 stabulis
498 2192 574 2236 noxa
596 2175 714 2254 repulsa
737 2178 828 2241 mels.

157 2263 223 2323 Sive
248 2279 332 2322 sacro
355 2263 442 2340 pavi,
466 2259 564 2327 sedive
587 2259 644 2322 sub
666 2260 771 2322 arbore
794 2279 895 2344 77777,

91 2363 142 2412 770
201 2350 370 2428 Pabulaque
384 2367 409 2413 .7
432 2347 528 2413 bustis
550 2351 644 2411 inscia
664 2349 776 2427 carpsit
797 2351 877 2410 ovis:

159 2439 317 2507 sinemus
340 2439 447 2505 intravi
470 2438 615 2527 vetitum,
638 2437 783 2499 nostrisve
803 2436 923 2514 iugatae

201 2525 277 2587 Sunt
301 2525 394 2595 oculis
414 2524 560 2604 nymphae
583 2481 782 2604 semicaperve
805 2521 896 2587 deus:

158 2614 189 2674 Si
212 2632 276 2674 mea
295 2612 357 2683 ialx
379 2630 461 2685 77770
484 2612 583 2679 lucum
605 2611 742 2692 spoliarit
762 2628 872 2691 opaco,

201 2702 284 2765 Unde
307 2702 374 2771 data
396 2711 443 2763 cst
463 2718 568 2781 777777
592 2702 702 2765 lasciua
724 2699 837 2767 17077117
859 2700 964 2767 ori:

90 2789 198 2850 755117
222 2793 334 2856 veniam
357 2790 482 2875 culpae.
519 2807 600 2870 nec„
623 2789 695 2857 duur
717 2787 927 2870 degrandinat,
949 2786 1028 2850 obsit

199 2877 316 2956 Agresti
335 2879 405 2947 17771)
426 2878 621 2957 snpppsntesa
640 2894 752 2957 pecus.

157 2962 218 3022 Nec
241 2973 344 3035 noceat
363 2964 502 3039 turbasse
524 2963 629 3037 lacus.
666 2966 835 3046 ignoscite,
857 2963 1020 3044 nymphae,

200 3049 277 3119 biota
300 3053 377 3130 quod
401 3053 543 3127 7177777777
565 3051 675 3133 armaria
697 3053 768 3117 lecit
782 3069 898 3133 77777.

156 3138 223 3212 Tu,
247 3137 323 3217 dea,
342 3140 508 3219 pronubis
531 3141 628 3209 107777
650 3142 829 3220 malcusque
851 3138 934 3219 plata

90 3239 141 3288 770
200 3226 348 3306 Numina,
371 3235 404 3291 tu
421 3245 545 3310 sparsos
564 3247 623 3309 per
645 3246 750 3301 nemps
773 3244 862 3295 07707
884 3225 974 3289 deos.

155 3314 216 3375 Nec
240 3313 385 3395 dryadas,
407 3333 463 3379 nec
479 3335 541 3379 -nos
565 3316 713 3387 videamus
735 3312 967 3398 171771117077,

198 3401 259 3464 Nec
282 3402 438 3486 Faunum,
461 3404 558 3473 medio
582 3421 651 3467 cum
671 3405 782 3485 premit
804 3421 872 3467 srva
890 3403 959 3468 dle.

153 3490 233 3552 Pelle
252 3490 356 3572 procul
374 3490 512 3557 morbos.
543 3492 658 3557 valeant
676 3492 870 3573 hominesque
887 3510 1072 3575 gregesque,

118 3598 199 3642 ovrn.
226 3601 270 3642 111.
875 3596 910 3648 10
