2386 3892
388 158 426 234 ιι.ι
443 193 482 236 ιιι
496 185 617 236 o1-1111
631 187 673 236 so.

116 343 196 407 luter
220 344 390 405 consessum
412 344 501 406 dubie
525 344 674 425 dubieque
697 354 855 426 negantem
931 391 938 402 ,

159 430 324 493 Haerebam
336 433 488 535 ,pavidas
510 433 597 494 dante
621 436 728 495 timore
751 443 853 513 notas,

72 519 318 600 Exemploque
341 523 439 601 nivis,
462 539 551 600 quam
574 522 669 582 mollit
691 524 846 602 aquaticus
869 529 988 604 auster,

74 622 103 671 90
161 609 251 670 Gutta
272 626 327 687 per
350 612 489 669 attonitas
512 608 574 670 ibat
596 609 700 671 oborta
721 628 830 714 genas.

116 696 194 758 Haec
218 697 310 775 igitur
332 697 466 757 reserens
489 705 520 758 et
543 697 621 777 qnod
644 716 710 758 mea
732 700 856 760 crimina
879 701 969 780 primi

160 783 280 846 Erroris
303 787 387 845 venia
410 803 498 863 posse
521 784 613 846 latere
636 785 736 865 vides,

117 873 251 952 Respicis
275 875 430 951 antiquum
452 873 538 934 lassis
560 875 592 934 in
614 872 705 934 rebus
728 876 875 956 amicum,

160 960 371 1040 Fomentisque
395 963 478 1021 iuvas
500 961 623 1022 vulnera
645 970 746 1023 nostra
769 964 849 1023 tuis.

75 1060 104 1110 95
116 1049 174 1109 Pro
197 1048 307 1127 quibus
330 1049 450 1128 optandi
473 1051 499 1109 si
521 1049 608 1111 uobis
630 1052 715 1128 copia
738 1051 806 1130 liat,

159 1137 233 1198 'l'am
256 1136 332 1197 bene
355 1139 516 1215 promerito
540 1137 692 1199 commoda
714 1138 794 1199 mille
817 1156 940 1218 precor.

119 1224 177 1286 Sed
202 1227 228 1285 si
251 1225 313 1286 sola
335 1225 408 1286 mibi
430 1225 538 1287 dentur
562 1233 614 1287 tua
636 1233 703 1287 vota
715 1271 724 1305 ,
747 1225 909 1306 precabor,

161 1312 201 1374 Ut
223 1311 279 1373 tibi
302 1315 342 1374 sit
365 1313 444 1374 salvo
468 1313 592 1375 Caesare
615 1313 693 1375 salva
716 1331 841 1393 parens.

118 1400 195 1462 Haec
220 1419 298 1481 ego,
321 1419 390 1462 cum
413 1402 526 1462 laceres
549 1402 651 1463 altaria
674 1403 796 1481 pinguia
818 1410 903 1480 ture,

72 1501 105 1549 uo
161 1489 203 1551 Te
227 1488 347 1552 solitum
370 1491 493 1551 memini
514 1493 610 1569 prima
633 1507 738 1570 rogare
761 1489 850 1552 deos.

489 1685 569 1757 IIII.

118 1840 226 1920 Accipe
250 1841 440 1921 conloquium
463 1842 559 1920 gelido
581 1841 707 1904 Nasonis
730 1842 767 1903 ab
789 1841 908 1924 Histro,

163 1929 277 2005 Attice,
304 1930 415 1992 iudicio
438 1948 498 1990 non
521 1929 682 1992 dubitande
704 1949 789 1995 meo.

120 2015 234 2095 Ecquid
257 2017 353 2079 adhuc
376 2035 512 2080 remanes
536 2037 649 2080 memor
671 2019 798 2080 iuicliois
821 2021 925 2094 amici,

162 2105 280 2167 Deserit
302 2124 338 2166 an
361 2108 455 2184 partis
477 2105 615 2185 languida
637 2125 708 2168 cura
731 2103 827 2169 suas?

98 2192 188 2254 oNon
210 2196 252 2255 ita
275 2193 306 2255 di
328 2194 401 2254 mibi
423 2201 494 2255 sunt
516 2196 639 2276 tristes,
660 2203 695 2255 ut
717 2195 841 2257 credere
864 2197 976 2274 possim
995 2208 1037 2260 (⁴⁹)

163 2280 279 2361 Fasque
302 2290 404 2361 putem
427 2284 484 2343 iam
508 2289 537 2342 te
561 2300 621 2342 non
643 2285 813 2343 meminisse
837 2285 913 2344 mei.

121 2369 194 2429 Ante
217 2368 321 2430 oculos
344 2378 462 2431 nostros
486 2378 536 2430 tua
559 2387 638 2429 nunc
651 2416 660 2449 ,
683 2376 734 2430 tua
757 2387 875 2448 semper
898 2372 1012 2452 imago,

164 2456 201 2518 Et
224 2456 327 2518 videor
349 2458 448 2522 vultus
471 2465 570 2518 mente
593 2456 694 2517 videre
717 2464 803 2518 tuos‚

124 2543 205 2606 Seria
227 2546 320 2607 multa
342 2546 415 2606 mihi
437 2557 537 2607 tecum
561 2543 675 2605 conlata
697 2544 857 2625 recordor,

83 2640 110 2692 10
164 2632 226 2694 Neo
249 2634 316 2695 data
339 2633 475 2695 iocundis
499 2641 632 2712 tempora
654 2650 747 2711 pauca
770 2633 861 2694 iocis.

124 2719 215 2800 Saepe
238 2724 313 2782 citae
336 2722 433 2801 longis
456 2724 534 2784 visae
559 2720 747 2783 sermonibus
769 2721 881 2802 horae,

165 2808 260 2890 Saepe
283 2810 339 2871 luit
361 2810 502 2891 brevior,
525 2827 614 2890 quam
636 2828 703 2873 mea
724 2811 814 2872 rerba
826 2858 835 2892 ,
860 2811 941 2873 dies.

124 2895 216 2976 Saepe
239 2906 306 2959 tuas
329 2901 411 2959 venit
433 2898 544 2959 factunm
566 2899 653 2960 modo
677 2917 796 2961 carmen
819 2900 857 2961 ad
879 2902 960 2961 auris

163 2985 203 3046 Et
225 3003 300 3047 nova
322 2985 432 3047 iudicio
456 2985 573 3048 subdita
596 2986 679 3051 Musa
702 2997 754 3051 tuo
777 2996 840 3049 est.

81 3079 110 3130 15
123 3072 207 3143 Quod
231 3080 264 3135 tu
287 3073 445 3154 laudares,
467 3075 577 3156 populo
600 3077 748 3157 placuisse
770 3074 928 3156 putabam.

164 3160 227 3222 Hoc
251 3165 380 3241 pretium
403 3180 492 3224 curae
516 3162 602 3224 dulce
625 3167 754 3226 recentis
777 3169 858 3223 erat.

122 3247 217 3328 thue
241 3268 326 3311 meus
349 3250 417 3312 lima
440 3269 526 3312 rasus
548 3250 624 3313 liber
648 3258 728 3312 esset
750 3252 853 3330 amici,

164 3337 231 3400 Non
254 3338 347 3400 semel
370 3339 519 3400 admonitu
545 3340 621 3400 iacta
643 3338 733 3400 litura
754 3346 806 3398 tuo
831 3345 893 3398 est.

122 3422 181 3485 Nos
204 3426 268 3487 lora
291 3428 430 3489 viderunt
451 3429 585 3507 pariter,
608 3444 663 3486 nos
685 3427 819 3504 porticus
842 3427 955 3504 omnis,

80 3518 110 3568 20
165 3512 225 3574 Nos
249 3517 316 3594 via,
339 3534 393 3577 nos
416 3517 527 3577 iunctis
550 3533 650 3575 curva·
663 3513 777 3575 theatra
800 3513 888 3577 locis.
