<?xml version="1.0" encoding="UTF-8"?>
<!DOCTYPE html PUBLIC "-//W3C//DTD XHTML 1.0 Transitional//EN"
    "http://www.w3.org/TR/xhtml1/DTD/xhtml1-transitional.dtd">
<html xmlns="http://www.w3.org/1999/xhtml" xml:lang="en" lang="en">
 <head>
  <title>
</title>
<meta http-equiv="Content-Type" content="text/html;charset=utf-8" />
  <meta name='ocr-system' content='tesseract 3.04.00' />
  <meta name='ocr-capabilities' content='ocr_page ocr_carea ocr_par ocr_line ocrx_word'/>
</head>
<body>
  <div class='ocr_page' id='page_1' title='image "./ovidiusexiterat00ovidgoog_0156.png"; bbox 0 0 2386 3892; ppageno 0'>
   <div class='ocr_carea' id='block_1_1' title="bbox 464 198 1052 266">
    <p class='ocr_par' dir='ltr' id='par_1_1' title="bbox 464 198 1052 266">
     <span class='ocr_line' id='line_1_1' title="bbox 464 198 1052 266; baseline 0.003 -15"><span class='ocrx_word' id='word_1_1' title='bbox 464 199 629 254; x_wconf 62' lang='lat' dir='ltr'><strong>ves-ee.</strong></span> <span class='ocrx_word' id='word_1_2' title='bbox 988 198 1052 266; x_wconf 77' lang='lat'><strong>105</strong></span> 
     </span>
    </p>
   </div>
   <div class='ocr_carea' id='block_1_2' title="bbox 89 362 1056 3604">
    <p class='ocr_par' dir='ltr' id='par_1_2' title="bbox 89 362 1056 3604">
     <span class='ocr_line' id='line_1_2' title="bbox 135 362 1003 445; baseline 0.001 -20"><span class='ocrx_word' id='word_1_3' title='bbox 135 363 174 426; x_wconf 82' lang='lat' dir='ltr'><strong>Et</strong></span> <span class='ocrx_word' id='word_1_4' title='bbox 195 364 336 444; x_wconf 90' lang='lat' dir='ltr'><strong>quoniam</strong></span> <span class='ocrx_word' id='word_1_5' title='bbox 348 408 357 443; x_wconf 94' lang='lat'><strong>,</strong></span> <span class='ocrx_word' id='word_1_6' title='bbox 381 365 433 442; x_wconf 89' lang='lat' dir='ltr'><strong>qui</strong></span> <span class='ocrx_word' id='word_1_7' title='bbox 455 366 518 443; x_wconf 89' lang='lat' dir='ltr'><strong>sis,</strong></span> <span class='ocrx_word' id='word_1_8' title='bbox 541 362 673 424; x_wconf 93' lang='lat' dir='ltr'><strong>nondum</strong></span> <span class='ocrx_word' id='word_1_9' title='bbox 697 363 908 442; x_wconf 79' lang='lat' dir='ltr'>quaerentibus</span> <span class='ocrx_word' id='word_1_10' title='bbox 930 363 1003 445; x_wconf 92' lang='lat' dir='ltr'><strong>edo,</strong></span> 
     </span>
     <span class='ocr_line' id='line_1_3' title="bbox 178 449 856 533; baseline 0 -21"><span class='ocrx_word' id='word_1_11' title='bbox 178 451 269 513; x_wconf 92' lang='lat' dir='ltr'><strong>lhidis</strong></span> <span class='ocrx_word' id='word_1_12' title='bbox 291 453 405 512; x_wconf 88' lang='lat' dir='ltr'><strong>interea</strong></span> <span class='ocrx_word' id='word_1_13' title='bbox 428 458 461 512; x_wconf 90' lang='lat' dir='ltr'><strong>tu</strong></span> <span class='ocrx_word' id='word_1_14' title='bbox 485 468 603 530; x_wconf 93' lang='lat' dir='ltr'><strong>quoque</strong></span> <span class='ocrx_word' id='word_1_15' title='bbox 626 467 735 512; x_wconf 91' lang='lat' dir='ltr'><strong>nomen</strong></span> <span class='ocrx_word' id='word_1_16' title='bbox 757 449 856 533; x_wconf 83' lang='lat' dir='ltr'><strong>hahe3</strong></span> 
     </span>
     <span class='ocr_line' id='line_1_4' title="bbox 133 537 954 621; baseline 0 -20"><span class='ocrx_word' id='word_1_17' title='bbox 133 539 231 618; x_wconf 92' lang='lat' dir='ltr'><strong>thue</strong></span> <span class='ocrx_word' id='word_1_18' title='bbox 254 540 313 600; x_wconf 89' lang='lat' dir='ltr'><strong>mei</strong></span> <span class='ocrx_word' id='word_1_19' title='bbox 334 555 439 599; x_wconf 86' lang='lat' dir='ltr'><strong>versus</strong></span> <span class='ocrx_word' id='word_1_20' title='bbox 462 537 644 618; x_wconf 87' lang='lat' dir='ltr'><strong>aliquantum</strong></span> <span class='ocrx_word' id='word_1_21' title='bbox 667 540 763 600; x_wconf 86' lang='lat' dir='ltr'><strong>noetis</strong></span> <span class='ocrx_word' id='word_1_22' title='bbox 785 538 954 621; x_wconf 86' lang='lat' dir='ltr'><strong>habebunt,</strong></span> 
     </span>
     <span class='ocr_line' id='line_1_5' title="bbox 180 627 785 688; baseline 0 0"><span class='ocrx_word' id='word_1_23' title='bbox 180 627 230 688; x_wconf 89' lang='lat' dir='ltr'><strong>Sic</strong></span> <span class='ocrx_word' id='word_1_24' title='bbox 252 629 329 688; x_wconf 89' lang='lat' dir='ltr'><strong>vitae</strong></span> <span class='ocrx_word' id='word_1_25' title='bbox 353 628 446 687; x_wconf 91' lang='lat' dir='ltr'><strong>series</strong></span> <span class='ocrx_word' id='word_1_26' title='bbox 469 633 530 688; x_wconf 88' lang='lat' dir='ltr'><strong>tota</strong></span> <span class='ocrx_word' id='word_1_27' title='bbox 553 629 592 687; x_wconf 90' lang='lat' dir='ltr'><strong>sit</strong></span> <span class='ocrx_word' id='word_1_28' title='bbox 614 633 678 687; x_wconf 88' lang='lat' dir='ltr'><strong>atra</strong></span> <span class='ocrx_word' id='word_1_29' title='bbox 701 634 785 688; x_wconf 90' lang='lat' dir='ltr'><strong>tuae.</strong></span> 
     </span>
     <span class='ocr_line' id='line_1_6' title="bbox 89 713 1040 794; baseline -0.007 -15"><span class='ocrx_word' id='word_1_30' title='bbox 89 727 121 779; x_wconf 73' lang='grc'><strong>66</strong></span> <span class='ocrx_word' id='word_1_31' title='bbox 135 715 214 776; x_wconf 84' lang='lat' dir='ltr'><strong>flacc</strong></span> <span class='ocrx_word' id='word_1_32' title='bbox 237 713 292 776; x_wconf 90' lang='lat' dir='ltr'><strong>tihi</strong></span> <span class='ocrx_word' id='word_1_33' title='bbox 315 713 403 776; x_wconf 90' lang='lat' dir='ltr'><strong>natali</strong></span> <span class='ocrx_word' id='word_1_34' title='bbox 427 713 532 790; x_wconf 82' lang='lat' dir='ltr'><strong>facito,</strong></span> <span class='ocrx_word' id='word_1_35' title='bbox 555 714 676 794; x_wconf 90' lang='lat' dir='ltr'><strong>lanique</strong></span> <span class='ocrx_word' id='word_1_36' title='bbox 698 713 831 776; x_wconf 88' lang='lat' dir='ltr'><strong>kalendis</strong></span> <span class='ocrx_word' id='word_1_37' title='bbox 1009 717 1040 772; x_wconf 75' lang='lat'><strong>(⁴)</strong></span> 
     </span>
     <span class='ocr_line' id='line_1_7' title="bbox 178 800 768 882; baseline -0.002 -18"><span class='ocrx_word' id='word_1_38' title='bbox 178 803 245 864; x_wconf 92' lang='lat' dir='ltr'><strong>Non</strong></span> <span class='ocrx_word' id='word_1_39' title='bbox 268 804 429 863; x_wconf 90' lang='lat' dir='ltr'><strong>mentituro</strong></span> <span class='ocrx_word' id='word_1_40' title='bbox 453 800 577 882; x_wconf 79' lang='lat' dir='ltr'>quilibet</span> <span class='ocrx_word' id='word_1_41' title='bbox 599 819 651 863; x_wconf 87' lang='lat' dir='ltr'><strong>ore</strong></span> <span class='ocrx_word' id='word_1_42' title='bbox 674 801 768 881; x_wconf 77' lang='lat' dir='ltr'><strong>legat.</strong></span> 
     </span>
     <span class='ocr_line' id='line_1_8' title="bbox 134 888 957 969; baseline 0.001 -17"><span class='ocrx_word' id='word_1_43' title='bbox 134 891 170 952; x_wconf 83' lang='lat' dir='ltr'><strong>lli</strong></span> <span class='ocrx_word' id='word_1_44' title='bbox 192 893 282 951; x_wconf 89' lang='lat' dir='ltr'><strong>maris</strong></span> <span class='ocrx_word' id='word_1_45' title='bbox 307 897 337 951; x_wconf 94' lang='lat' dir='ltr'><strong>et</strong></span> <span class='ocrx_word' id='word_1_46' title='bbox 360 896 480 969; x_wconf 87' lang='lat' dir='ltr'><strong>terrae,</strong></span> <span class='ocrx_word' id='word_1_47' title='bbox 503 891 612 969; x_wconf 85' lang='lat' dir='ltr'><strong>quique</strong></span> <span class='ocrx_word' id='word_1_48' title='bbox 635 888 683 951; x_wconf 87' lang='lat' dir='ltr'><strong>his</strong></span> <span class='ocrx_word' id='word_1_49' title='bbox 705 889 827 951; x_wconf 80' lang='lat' dir='ltr'><strong>meliora</strong></span> <span class='ocrx_word' id='word_1_50' title='bbox 849 891 957 953; x_wconf 88' lang='lat' dir='ltr'><strong>tenetls</strong></span> 
     </span>
     <span class='ocr_line' id='line_1_9' title="bbox 179 977 836 1060; baseline 0.005 -23"><span class='ocrx_word' id='word_1_51' title='bbox 179 978 260 1040; x_wconf 87' lang='lat' dir='ltr'><strong>luter</strong></span> <span class='ocrx_word' id='word_1_52' title='bbox 283 977 416 1039; x_wconf 83' lang='lat' dir='ltr'><strong>diversos</strong></span> <span class='ocrx_word' id='word_1_53' title='bbox 440 995 507 1038; x_wconf 93' lang='lat' dir='ltr'><strong>cum</strong></span> <span class='ocrx_word' id='word_1_54' title='bbox 529 977 598 1038; x_wconf 88' lang='lat' dir='ltr'><strong>love</strong></span> <span class='ocrx_word' id='word_1_55' title='bbox 621 995 713 1057; x_wconf 78' lang='lat' dir='ltr'><strong>regna</strong></span> <span class='ocrx_word' id='word_1_56' title='bbox 734 977 836 1060; x_wconf 92' lang='lat' dir='ltr'><strong>polos,</strong></span> 
     </span>
     <span class='ocr_line' id='line_1_10' title="bbox 136 1065 1052 1148; baseline 0.002 -22"><span class='ocrx_word' id='word_1_57' title='bbox 136 1066 224 1148; x_wconf 89' lang='lat' dir='ltr'><strong>lluc,</strong></span> <span class='ocrx_word' id='word_1_58' title='bbox 246 1083 377 1148; x_wconf 81' lang='lat' dir='ltr'><strong>precor,</strong></span> <span class='ocrx_word' id='word_1_59' title='bbox 399 1065 458 1126; x_wconf 91' lang='lat' dir='ltr'><strong>huo</strong></span> <span class='ocrx_word' id='word_1_60' title='bbox 480 1073 594 1127; x_wconf 84' lang='lat' dir='ltr'><strong>vestras</strong></span> <span class='ocrx_word' id='word_1_61' title='bbox 621 1083 724 1128; x_wconf 92' lang='lat' dir='ltr'><strong>omues</strong></span> <span class='ocrx_word' id='word_1_62' title='bbox 752 1066 894 1129; x_wconf 83' lang='lat' dir='ltr'><strong>advertite</strong></span> <span class='ocrx_word' id='word_1_63' title='bbox 920 1073 1052 1148; x_wconf 89' lang='lat' dir='ltr'><strong>mentes,</strong></span> 
     </span>
     <span class='ocr_line' id='line_1_11' title="bbox 92 1152 833 1232; baseline 0.001 -16"><span class='ocrx_word' id='word_1_64' title='bbox 92 1167 122 1216; x_wconf 79' lang='lat' dir='ltr'><strong>ro</strong></span> <span class='ocrx_word' id='word_1_65' title='bbox 179 1153 218 1215; x_wconf 87' lang='lat' dir='ltr'><strong>Et</strong></span> <span class='ocrx_word' id='word_1_66' title='bbox 239 1155 328 1215; x_wconf 90' lang='lat' dir='ltr'><strong>sinite</strong></span> <span class='ocrx_word' id='word_1_67' title='bbox 350 1155 458 1232; x_wconf 86' lang='lat' dir='ltr'><strong>optatis</strong></span> <span class='ocrx_word' id='word_1_68' title='bbox 481 1152 598 1232; x_wconf 90' lang='lat' dir='ltr'><strong>pondus</strong></span> <span class='ocrx_word' id='word_1_69' title='bbox 619 1155 718 1216; x_wconf 89' lang='lat' dir='ltr'><strong>inesse</strong></span> <span class='ocrx_word' id='word_1_70' title='bbox 741 1156 833 1218; x_wconf 87' lang='lat' dir='ltr'><strong>meis:</strong></span> 
     </span>
     <span class='ocr_line' id='line_1_12' title="bbox 137 1240 990 1324; baseline 0.001 -22"><span class='ocrx_word' id='word_1_71' title='bbox 137 1241 262 1323; x_wconf 90' lang='lat' dir='ltr'><strong>Ipsaque</strong></span> <span class='ocrx_word' id='word_1_72' title='bbox 285 1248 317 1302; x_wconf 88' lang='lat' dir='ltr'><strong>tu</strong></span> <span class='ocrx_word' id='word_1_73' title='bbox 341 1240 464 1321; x_wconf 82' lang='lat' dir='ltr'><strong>Tellus,</strong></span> <span class='ocrx_word' id='word_1_74' title='bbox 487 1243 585 1320; x_wconf 92' lang='lat' dir='ltr'><strong>ipsum</strong></span> <span class='ocrx_word' id='word_1_75' title='bbox 609 1259 677 1302; x_wconf 88' lang='lat' dir='ltr'><strong>cunr</strong></span> <span class='ocrx_word' id='word_1_76' title='bbox 698 1241 840 1304; x_wconf 86' lang='lat' dir='ltr'><strong>lluctihus</strong></span> <span class='ocrx_word' id='word_1_77' title='bbox 861 1260 990 1324; x_wconf 77' lang='lat' dir='ltr'><strong>aequor,</strong></span> 
     </span>
     <span class='ocr_line' id='line_1_13' title="bbox 179 1329 881 1412; baseline 0.001 -22"><span class='ocrx_word' id='word_1_78' title='bbox 179 1329 246 1409; x_wconf 90' lang='lat' dir='ltr'><strong>lpse</strong></span> <span class='ocrx_word' id='word_1_79' title='bbox 269 1347 350 1390; x_wconf 90' lang='lat' dir='ltr'><strong>meas</strong></span> <span class='ocrx_word' id='word_1_80' title='bbox 372 1329 475 1390; x_wconf 79' lang='lat' dir='ltr'><strong>aether</strong></span> <span class='ocrx_word' id='word_1_81' title='bbox 498 1331 599 1408; x_wconf 83' lang='lat' dir='ltr'><strong>accipe</strong></span> <span class='ocrx_word' id='word_1_82' title='bbox 622 1346 736 1390; x_wconf 89' lang='lat' dir='ltr'><strong>summe</strong></span> <span class='ocrx_word' id='word_1_83' title='bbox 759 1347 881 1412; x_wconf 81' lang='lat' dir='ltr'><strong>preces3</strong></span> 
     </span>
     <span class='ocr_line' id='line_1_14' title="bbox 138 1416 900 1498; baseline -0.001 -19"><span class='ocrx_word' id='word_1_84' title='bbox 138 1416 300 1497; x_wconf 85' lang='lat' dir='ltr'><strong>Sideraque</strong></span> <span class='ocrx_word' id='word_1_85' title='bbox 324 1424 354 1478; x_wconf 95' lang='lat' dir='ltr'><strong>et</strong></span> <span class='ocrx_word' id='word_1_86' title='bbox 376 1417 466 1478; x_wconf 89' lang='lat' dir='ltr'><strong>radiis</strong></span> <span class='ocrx_word' id='word_1_87' title='bbox 490 1417 671 1479; x_wconf 88' lang='lat' dir='ltr'><strong>circumdata</strong></span> <span class='ocrx_word' id='word_1_88' title='bbox 694 1416 765 1479; x_wconf 87' lang='lat' dir='ltr'><strong>solis</strong></span> <span class='ocrx_word' id='word_1_89' title='bbox 786 1419 900 1498; x_wconf 77' lang='lat' dir='ltr'><strong>imago,</strong></span> 
     </span>
     <span class='ocr_line' id='line_1_15' title="bbox 179 1503 1053 1589; baseline 0.003 -24"><span class='ocrx_word' id='word_1_90' title='bbox 179 1505 343 1587; x_wconf 87' lang='lat' dir='ltr'><strong>Lunaque,</strong></span> <span class='ocrx_word' id='word_1_91' title='bbox 368 1523 442 1584; x_wconf 90' lang='lat' dir='ltr'><strong>quae</strong></span> <span class='ocrx_word' id='word_1_92' title='bbox 462 1523 623 1585; x_wconf 89' lang='lat' dir='ltr'><strong>numquam</strong></span> <span class='ocrx_word' id='word_1_93' title='bbox 642 1523 701 1585; x_wconf 94' lang='lat' dir='ltr'><strong>quo</strong></span> <span class='ocrx_word' id='word_1_94' title='bbox 719 1507 825 1585; x_wconf 81' lang='lat' dir='ltr'><strong>prius,</strong></span> <span class='ocrx_word' id='word_1_95' title='bbox 848 1503 920 1567; x_wconf 92' lang='lat' dir='ltr'><strong>orhe</strong></span> <span class='ocrx_word' id='word_1_96' title='bbox 944 1507 1053 1589; x_wconf 86' lang='lat' dir='ltr'><strong>micas,</strong></span> 
     </span>
     <span class='ocr_line' id='line_1_16' title="bbox 96 1592 943 1676; baseline -0.002 -21"><span class='ocrx_word' id='word_1_97' title='bbox 96 1605 125 1655; x_wconf 75' lang='lat'><strong>⁷5</strong></span> <span class='ocrx_word' id='word_1_98' title='bbox 138 1593 259 1674; x_wconf 83' lang='lat' dir='ltr'><strong>Noxque</strong></span> <span class='ocrx_word' id='word_1_99' title='bbox 283 1593 474 1655; x_wconf 86' lang='lat' dir='ltr'><strong>tenebrarum</strong></span> <span class='ocrx_word' id='word_1_100' title='bbox 498 1595 596 1672; x_wconf 92' lang='lat' dir='ltr'><strong>specie</strong></span> <span class='ocrx_word' id='word_1_101' title='bbox 619 1592 782 1655; x_wconf 86' lang='lat' dir='ltr'><strong>reverenda</strong></span> <span class='ocrx_word' id='word_1_102' title='bbox 804 1600 943 1676; x_wconf 78' lang='lat' dir='ltr'><strong>tuarum3</strong></span> 
     </span>
     <span class='ocr_line' id='line_1_17' title="bbox 183 1680 917 1762; baseline 0 -19"><span class='ocrx_word' id='word_1_103' title='bbox 183 1682 323 1760; x_wconf 83' lang='lat' dir='ltr'><strong>Quaeque</strong></span> <span class='ocrx_word' id='word_1_104' title='bbox 346 1691 444 1743; x_wconf 88' lang='lat' dir='ltr'><strong>ratum</strong></span> <span class='ocrx_word' id='word_1_105' title='bbox 466 1680 576 1761; x_wconf 89' lang='lat' dir='ltr'><strong>triplici</strong></span> <span class='ocrx_word' id='word_1_106' title='bbox 599 1680 705 1760; x_wconf 91' lang='lat' dir='ltr'><strong>pollice</strong></span> <span class='ocrx_word' id='word_1_107' title='bbox 727 1682 805 1743; x_wconf 90' lang='lat' dir='ltr'><strong>netis</strong></span> <span class='ocrx_word' id='word_1_108' title='bbox 827 1699 917 1762; x_wconf 90' lang='lat' dir='ltr'><strong>opus,</strong></span> 
     </span>
     <span class='ocr_line' id='line_1_18' title="bbox 139 1769 947 1849; baseline 0.002 -19"><span class='ocrx_word' id='word_1_109' title='bbox 139 1770 254 1849; x_wconf 86' lang='lat' dir='ltr'><strong>Quique</strong></span> <span class='ocrx_word' id='word_1_110' title='bbox 277 1787 332 1849; x_wconf 88' lang='lat' dir='ltr'><strong>per</strong></span> <span class='ocrx_word' id='word_1_111' title='bbox 354 1771 486 1831; x_wconf 83' lang='lat' dir='ltr'><strong>infernas</strong></span> <span class='ocrx_word' id='word_1_112' title='bbox 509 1769 658 1831; x_wconf 90' lang='lat' dir='ltr'><strong>horrendo</strong></span> <span class='ocrx_word' id='word_1_113' title='bbox 681 1787 835 1831; x_wconf 89' lang='lat' dir='ltr'><strong>murmure</strong></span> <span class='ocrx_word' id='word_1_114' title='bbox 858 1769 947 1832; x_wconf 87' lang='lat' dir='ltr'><strong>valles</strong></span> 
     </span>
     <span class='ocr_line' id='line_1_19' title="bbox 181 1856 766 1940; baseline 0.002 -23"><span class='ocrx_word' id='word_1_115' title='bbox 181 1858 382 1937; x_wconf 82' lang='lat' dir='ltr'><strong>Inperiuratae</strong></span> <span class='ocrx_word' id='word_1_116' title='bbox 406 1856 514 1918; x_wconf 91' lang='lat' dir='ltr'><strong>laberis</strong></span> <span class='ocrx_word' id='word_1_117' title='bbox 537 1859 632 1918; x_wconf 90' lang='lat' dir='ltr'><strong>amnis</strong></span> <span class='ocrx_word' id='word_1_118' title='bbox 654 1875 766 1940; x_wconf 89' lang='lat' dir='ltr'><strong>aquae,</strong></span> 
     </span>
     <span class='ocr_line' id='line_1_20' title="bbox 140 1945 890 2026; baseline -0.003 -18"><span class='ocrx_word' id='word_1_119' title='bbox 140 1945 277 2024; x_wconf 93' lang='lat' dir='ltr'><strong>Quasque</strong></span> <span class='ocrx_word' id='word_1_120' title='bbox 301 1945 402 2008; x_wconf 87' lang='lat' dir='ltr'><strong>ierunt</strong></span> <span class='ocrx_word' id='word_1_121' title='bbox 423 1952 502 2006; x_wconf 89' lang='lat' dir='ltr'><strong>torto</strong></span> <span class='ocrx_word' id='word_1_122' title='bbox 525 1946 636 2007; x_wconf 84' lang='lat' dir='ltr'><strong>vittatis</strong></span> <span class='ocrx_word' id='word_1_123' title='bbox 659 1962 755 2024; x_wconf 77' lang='lat' dir='ltr'><strong>angue</strong></span> <span class='ocrx_word' id='word_1_124' title='bbox 778 1945 890 2026; x_wconf 84' lang='lat' dir='ltr'><strong>capillis</strong></span> 
     </span>
     <span class='ocr_line' id='line_1_21' title="bbox 95 2031 820 2118; baseline -0.001 -23"><span class='ocrx_word' id='word_1_125' title='bbox 95 2044 125 2095; x_wconf 81' lang='lat'><strong>80</strong></span> <span class='ocrx_word' id='word_1_126' title='bbox 182 2033 317 2095; x_wconf 81' lang='lat' dir='ltr'><strong>Carceris</strong></span> <span class='ocrx_word' id='word_1_127' title='bbox 340 2031 482 2094; x_wconf 88' lang='lat' dir='ltr'><strong>obscuras</strong></span> <span class='ocrx_word' id='word_1_128' title='bbox 505 2040 573 2094; x_wconf 90' lang='lat' dir='ltr'><strong>ante</strong></span> <span class='ocrx_word' id='word_1_129' title='bbox 596 2032 701 2118; x_wconf 77' lang='lat' dir='ltr'><strong>sedere</strong></span> <span class='ocrx_word' id='word_1_130' title='bbox 723 2034 820 2115; x_wconf 82' lang='lat' dir='ltr'><strong>lores3</strong></span> 
     </span>
     <span class='ocr_line' id='line_1_22' title="bbox 139 2118 1054 2204; baseline 0.004 -24"><span class='ocrx_word' id='word_1_131' title='bbox 139 2119 196 2182; x_wconf 90' lang='lat' dir='ltr'><strong>Vos</strong></span> <span class='ocrx_word' id='word_1_132' title='bbox 228 2138 348 2200; x_wconf 92' lang='lat' dir='ltr'><strong>quoque</strong></span> <span class='ocrx_word' id='word_1_133' title='bbox 360 2166 369 2202; x_wconf 90' lang='lat'><strong>,</strong></span> <span class='ocrx_word' id='word_1_134' title='bbox 405 2118 490 2201; x_wconf 88' lang='lat' dir='ltr'><strong>plebs</strong></span> <span class='ocrx_word' id='word_1_135' title='bbox 522 2138 686 2204; x_wconf 90' lang='lat' dir='ltr'><strong>superum,</strong></span> <span class='ocrx_word' id='word_1_136' title='bbox 720 2121 802 2183; x_wconf 82' lang='lat' dir='ltr'><strong>launi</strong></span> <span class='ocrx_word' id='word_1_137' title='bbox 833 2123 982 2202; x_wconf 77' lang='lat' dir='ltr'><strong>satyrique</strong></span> <span class='ocrx_word' id='word_1_138' title='bbox 1015 2121 1054 2184; x_wconf 92' lang='lat' dir='ltr'><strong>la·</strong></span> 
     </span>
     <span class='ocr_line' id='line_1_23' title="bbox 684 2226 792 2288; baseline -0.019 -16"><span class='ocrx_word' id='word_1_139' title='bbox 684 2226 792 2288; x_wconf 89' lang='lat' dir='ltr'><strong>resque</strong></span> 
     </span>
     <span class='ocr_line' id='line_1_24' title="bbox 183 2295 977 2381; baseline 0.004 -24"><span class='ocrx_word' id='word_1_140' title='bbox 183 2296 376 2381; x_wconf 84' lang='lat' dir='ltr'><strong>Fluminaque</strong></span> <span class='ocrx_word' id='word_1_141' title='bbox 400 2305 431 2359; x_wconf 93' lang='lat' dir='ltr'><strong>et</strong></span> <span class='ocrx_word' id='word_1_142' title='bbox 452 2295 597 2376; x_wconf 77' lang='lat' dir='ltr'><strong>nymphae</strong></span> <span class='ocrx_word' id='word_1_143' title='bbox 621 2297 843 2375; x_wconf 88' lang='lat' dir='ltr'><strong>semideumque</strong></span> <span class='ocrx_word' id='word_1_144' title='bbox 865 2315 977 2376; x_wconf 76' lang='lat' dir='ltr'><strong>genus:</strong></span> 
     </span>
     <span class='ocr_line' id='line_1_25' title="bbox 140 2383 908 2464; baseline 0.001 -19"><span class='ocrx_word' id='word_1_145' title='bbox 140 2383 273 2464; x_wconf 80' lang='lat' dir='ltr'><strong>lienique</strong></span> <span class='ocrx_word' id='word_1_146' title='bbox 296 2383 332 2445; x_wconf 93' lang='lat' dir='ltr'><strong>ab</strong></span> <span class='ocrx_word' id='word_1_147' title='bbox 356 2387 477 2463; x_wconf 92' lang='lat' dir='ltr'><strong>antiquo</strong></span> <span class='ocrx_word' id='word_1_148' title='bbox 501 2383 561 2445; x_wconf 83' lang='lat' dir='ltr'><strong>divi</strong></span> <span class='ocrx_word' id='word_1_149' title='bbox 584 2391 759 2462; x_wconf 88' lang='lat' dir='ltr'><strong>veteresque</strong></span> <span class='ocrx_word' id='word_1_150' title='bbox 780 2385 908 2463; x_wconf 79' lang='lat' dir='ltr'><strong>novique</strong></span> 
     </span>
     <span class='ocr_line' id='line_1_26' title="bbox 182 2470 921 2552; baseline -0.001 -20"><span class='ocrx_word' id='word_1_151' title='bbox 182 2471 216 2532; x_wconf 93' lang='lat' dir='ltr'><strong>ln</strong></span> <span class='ocrx_word' id='word_1_152' title='bbox 238 2479 374 2535; x_wconf 88' lang='lat' dir='ltr'><strong>nostrum</strong></span> <span class='ocrx_word' id='word_1_153' title='bbox 398 2473 499 2535; x_wconf 85' lang='lat' dir='ltr'><strong>cuncti</strong></span> <span class='ocrx_word' id='word_1_154' title='bbox 521 2480 640 2552; x_wconf 90' lang='lat' dir='ltr'><strong>tempus</strong></span> <span class='ocrx_word' id='word_1_155' title='bbox 652 2517 661 2552; x_wconf 97' lang='lat'><strong>,</strong></span> <span class='ocrx_word' id='word_1_156' title='bbox 685 2470 807 2551; x_wconf 90' lang='lat' dir='ltr'><strong>adeste,</strong></span> <span class='ocrx_word' id='word_1_157' title='bbox 830 2470 921 2551; x_wconf 89' lang='lat' dir='ltr'><strong>chao,</strong></span> 
     </span>
     <span class='ocr_line' id='line_1_27' title="bbox 94 2557 919 2641; baseline -0.001 -20"><span class='ocrx_word' id='word_1_158' title='bbox 94 2571 127 2621; x_wconf 74' lang='lat'><strong>85</strong></span> <span class='ocrx_word' id='word_1_159' title='bbox 141 2559 276 2622; x_wconf 82' lang='lat' dir='ltr'><strong>Carmina</strong></span> <span class='ocrx_word' id='word_1_160' title='bbox 298 2560 369 2621; x_wconf 93' lang='lat' dir='ltr'><strong>dum</strong></span> <span class='ocrx_word' id='word_1_161' title='bbox 393 2562 483 2641; x_wconf 88' lang='lat' dir='ltr'><strong>capiti</strong></span> <span class='ocrx_word' id='word_1_162' title='bbox 505 2559 580 2621; x_wconf 87' lang='lat' dir='ltr'><strong>male</strong></span> <span class='ocrx_word' id='word_1_163' title='bbox 603 2559 662 2621; x_wconf 86' lang='lat' dir='ltr'><strong>hdo</strong></span> <span class='ocrx_word' id='word_1_164' title='bbox 684 2557 748 2619; x_wconf 85' lang='lat' dir='ltr'><strong>dira</strong></span> <span class='ocrx_word' id='word_1_165' title='bbox 771 2566 919 2620; x_wconf 89' lang='lat' dir='ltr'><strong>canuntur</strong></span> 
     </span>
     <span class='ocr_line' id='line_1_28' title="bbox 182 2647 851 2729; baseline -0.004 -19"><span class='ocrx_word' id='word_1_166' title='bbox 182 2647 222 2711; x_wconf 86' lang='lat' dir='ltr'><strong>Et</strong></span> <span class='ocrx_word' id='word_1_167' title='bbox 242 2655 389 2729; x_wconf 81' lang='lat' dir='ltr'><strong>peragunt</strong></span> <span class='ocrx_word' id='word_1_168' title='bbox 411 2656 510 2727; x_wconf 91' lang='lat' dir='ltr'><strong>partes</strong></span> <span class='ocrx_word' id='word_1_169' title='bbox 533 2651 577 2709; x_wconf 91' lang='lat' dir='ltr'><strong>ira</strong></span> <span class='ocrx_word' id='word_1_170' title='bbox 600 2647 743 2727; x_wconf 88' lang='lat' dir='ltr'><strong>dolorque</strong></span> <span class='ocrx_word' id='word_1_171' title='bbox 766 2663 851 2707; x_wconf 91' lang='lat' dir='ltr'><strong>suas.</strong></span> 
     </span>
     <span class='ocr_line' id='line_1_29' title="bbox 140 2735 1043 2817; baseline 0 -21"><span class='ocrx_word' id='word_1_172' title='bbox 140 2735 266 2797; x_wconf 82' lang='lat' dir='ltr'><strong>Adnuite</strong></span> <span class='ocrx_word' id='word_1_173' title='bbox 290 2737 398 2816; x_wconf 88' lang='lat' dir='ltr'><strong>optatis</strong></span> <span class='ocrx_word' id='word_1_174' title='bbox 421 2754 523 2798; x_wconf 91' lang='lat' dir='ltr'><strong>omnes</strong></span> <span class='ocrx_word' id='word_1_175' title='bbox 547 2754 582 2797; x_wconf 84' lang='lat' dir='ltr'><strong>ex</strong></span> <span class='ocrx_word' id='word_1_176' title='bbox 605 2735 710 2797; x_wconf 89' lang='lat' dir='ltr'><strong>ordine</strong></span> <span class='ocrx_word' id='word_1_177' title='bbox 732 2736 861 2817; x_wconf 89' lang='lat' dir='ltr'><strong>nostris,</strong></span> <span class='ocrx_word' id='word_1_178' title='bbox 1013 2736 1043 2791; x_wconf 68' lang='lat' dir='ltr'><strong>tl)</strong></span> 
     </span>
     <span class='ocr_line' id='line_1_30' title="bbox 184 2822 946 2904; baseline 0 -20"><span class='ocrx_word' id='word_1_179' title='bbox 184 2822 223 2885; x_wconf 82' lang='lat' dir='ltr'><strong>Et</strong></span> <span class='ocrx_word' id='word_1_180' title='bbox 244 2841 314 2904; x_wconf 89' lang='lat' dir='ltr'><strong>pars</strong></span> <span class='ocrx_word' id='word_1_181' title='bbox 338 2827 376 2886; x_wconf 90' lang='lat' dir='ltr'><strong>sit</strong></span> <span class='ocrx_word' id='word_1_182' title='bbox 397 2826 457 2886; x_wconf 85' lang='lat' dir='ltr'><strong>voti</strong></span> <span class='ocrx_word' id='word_1_183' title='bbox 480 2823 560 2886; x_wconf 90' lang='lat' dir='ltr'><strong>nulla</strong></span> <span class='ocrx_word' id='word_1_184' title='bbox 582 2823 692 2886; x_wconf 89' lang='lat' dir='ltr'><strong>caduca</strong></span> <span class='ocrx_word' id='word_1_185' title='bbox 715 2825 791 2888; x_wconf 90' lang='lat' dir='ltr'><strong>mei.</strong></span> <span class='ocrx_word' id='word_1_186' title='bbox 943 2841 946 2847; x_wconf 92' lang='lat'>·</span> 
     </span>
     <span class='ocr_line' id='line_1_31' title="bbox 141 2910 1056 2994; baseline -0.001 -21"><span class='ocrx_word' id='word_1_187' title='bbox 141 2911 282 2992; x_wconf 85' lang='lat' dir='ltr'><strong>Quaeque</strong></span> <span class='ocrx_word' id='word_1_188' title='bbox 303 2930 434 2994; x_wconf 91' lang='lat' dir='ltr'><strong>precor,</strong></span> <span class='ocrx_word' id='word_1_189' title='bbox 456 2913 549 2974; x_wconf 86' lang='lat' dir='ltr'><strong>hant:</strong></span> <span class='ocrx_word' id='word_1_190' title='bbox 583 2920 617 2974; x_wconf 89' lang='lat' dir='ltr'><strong>ut</strong></span> <span class='ocrx_word' id='word_1_191' title='bbox 639 2930 699 2975; x_wconf 90' lang='lat' dir='ltr'><strong>non</strong></span> <span class='ocrx_word' id='word_1_192' title='bbox 722 2930 788 2975; x_wconf 89' lang='lat' dir='ltr'><strong>mea</strong></span> <span class='ocrx_word' id='word_1_193' title='bbox 809 2911 887 2975; x_wconf 89' lang='lat' dir='ltr'><strong>dicta</strong></span> <span class='ocrx_word' id='word_1_194' title='bbox 899 2958 909 2993; x_wconf 94' lang='lat'><strong>,</strong></span> <span class='ocrx_word' id='word_1_195' title='bbox 933 2911 985 2974; x_wconf 92' lang='lat' dir='ltr'><strong>sed</strong></span> <span class='ocrx_word' id='word_1_196' title='bbox 1007 2910 1056 2973; x_wconf 87' lang='lat' dir='ltr'><strong>illa</strong></span> 
     </span>
     <span class='ocr_line' id='line_1_32' title="bbox 94 2999 822 3081; baseline 0.001 -20"><span class='ocrx_word' id='word_1_197' title='bbox 94 3010 128 3061; x_wconf 77' lang='lat' dir='ltr'><strong>to</strong></span> <span class='ocrx_word' id='word_1_198' title='bbox 184 2999 344 3080; x_wconf 76' lang='lat' dir='ltr'><strong>Pasiphaes</strong></span> <span class='ocrx_word' id='word_1_199' title='bbox 367 3001 470 3079; x_wconf 81' lang='lat' dir='ltr'><strong>generi</strong></span> <span class='ocrx_word' id='word_1_200' title='bbox 492 2999 582 3062; x_wconf 85' lang='lat' dir='ltr'><strong>verba</strong></span> <span class='ocrx_word' id='word_1_201' title='bbox 605 3000 697 3062; x_wconf 87' lang='lat' dir='ltr'><strong>inisse</strong></span> <span class='ocrx_word' id='word_1_202' title='bbox 719 3008 822 3081; x_wconf 90' lang='lat' dir='ltr'><strong>putet.</strong></span> 
     </span>
     <span class='ocr_line' id='line_1_33' title="bbox 140 3084 989 3168; baseline -0.002 -19"><span class='ocrx_word' id='word_1_203' title='bbox 140 3087 279 3168; x_wconf 89' lang='lat' dir='ltr'><strong>Quasque</strong></span> <span class='ocrx_word' id='word_1_204' title='bbox 303 3106 356 3168; x_wconf 78' lang='lat' dir='ltr'><strong>ego</strong></span> <span class='ocrx_word' id='word_1_205' title='bbox 379 3091 527 3151; x_wconf 89' lang='lat' dir='ltr'><strong>transiero</strong></span> <span class='ocrx_word' id='word_1_206' title='bbox 548 3106 681 3168; x_wconf 93' lang='lat' dir='ltr'><strong>poenas,</strong></span> <span class='ocrx_word' id='word_1_207' title='bbox 704 3089 832 3168; x_wconf 89' lang='lat' dir='ltr'><strong>patiatur</strong></span> <span class='ocrx_word' id='word_1_208' title='bbox 855 3093 886 3148; x_wconf 92' lang='lat' dir='ltr'><strong>et</strong></span> <span class='ocrx_word' id='word_1_209' title='bbox 907 3084 989 3167; x_wconf 81' lang='lat' dir='ltr'><strong>illns3</strong></span> 
     </span>
     <span class='ocr_line' id='line_1_34' title="bbox 184 3173 799 3256; baseline -0.003 -19"><span class='ocrx_word' id='word_1_210' title='bbox 184 3175 305 3238; x_wconf 86' lang='lat' dir='ltr'><strong>Plenius</strong></span> <span class='ocrx_word' id='word_1_211' title='bbox 327 3177 446 3256; x_wconf 79' lang='lat' dir='ltr'><strong>ingenio</strong></span> <span class='ocrx_word' id='word_1_212' title='bbox 469 3178 509 3239; x_wconf 93' lang='lat' dir='ltr'><strong>sit</strong></span> <span class='ocrx_word' id='word_1_213' title='bbox 530 3178 621 3238; x_wconf 85' lang='lat' dir='ltr'><strong>miser</strong></span> <span class='ocrx_word' id='word_1_214' title='bbox 643 3175 693 3236; x_wconf 93' lang='lat' dir='ltr'><strong>ille</strong></span> <span class='ocrx_word' id='word_1_215' title='bbox 716 3173 799 3244; x_wconf 86' lang='lat' dir='ltr'><strong>meol</strong></span> 
     </span>
     <span class='ocr_line' id='line_1_35' title="bbox 140 3262 936 3326; baseline -0.003 -3"><span class='ocrx_word' id='word_1_216' title='bbox 140 3263 220 3325; x_wconf 86' lang='lat' dir='ltr'><strong>Neve</strong></span> <span class='ocrx_word' id='word_1_217' title='bbox 242 3266 343 3326; x_wconf 89' lang='lat' dir='ltr'><strong>minus</strong></span> <span class='ocrx_word' id='word_1_218' title='bbox 366 3272 492 3326; x_wconf 90' lang='lat' dir='ltr'><strong>noceant</strong></span> <span class='ocrx_word' id='word_1_219' title='bbox 513 3264 616 3326; x_wconf 84' lang='lat' dir='ltr'><strong>dotum</strong></span> <span class='ocrx_word' id='word_1_220' title='bbox 638 3262 806 3323; x_wconf 85' lang='lat' dir='ltr'><strong>execrantia</strong></span> <span class='ocrx_word' id='word_1_221' title='bbox 828 3277 936 3321; x_wconf 92' lang='lat' dir='ltr'><strong>nomen</strong></span> 
     </span>
     <span class='ocr_line' id='line_1_36' title="bbox 184 3346 1042 3435; baseline -0.002 -24"><span class='ocrx_word' id='word_1_222' title='bbox 184 3351 275 3435; x_wconf 89' lang='lat' dir='ltr'><strong>Vota,</strong></span> <span class='ocrx_word' id='word_1_223' title='bbox 299 3353 396 3413; x_wconf 92' lang='lat' dir='ltr'><strong>minus</strong></span> <span class='ocrx_word' id='word_1_224' title='bbox 419 3369 541 3431; x_wconf 80' lang='lat' dir='ltr'><strong>magnos</strong></span> <span class='ocrx_word' id='word_1_225' title='bbox 564 3355 801 3412; x_wconf 83' lang='lat' dir='ltr'><strong>commoveantve</strong></span> <span class='ocrx_word' id='word_1_226' title='bbox 824 3346 915 3409; x_wconf 81' lang='lat' dir='ltr'><strong>deos:</strong></span> <span class='ocrx_word' id='word_1_227' title='bbox 1036 3351 1042 3362; x_wconf 83' lang='lat'><strong>‘</strong></span> 
     </span>
     <span class='ocr_line' id='line_1_37' title="bbox 96 3433 1001 3520; baseline -0.003 -21"><span class='ocrx_word' id='word_1_228' title='bbox 96 3449 128 3500; x_wconf 78' lang='lat'><strong>95</strong></span> <span class='ocrx_word' id='word_1_229' title='bbox 150 3437 236 3502; x_wconf 91' lang='lat' dir='ltr'><strong>lllum</strong></span> <span class='ocrx_word' id='word_1_230' title='bbox 259 3458 314 3520; x_wconf 79' lang='lat' dir='ltr'><strong>ego</strong></span> <span class='ocrx_word' id='word_1_231' title='bbox 338 3441 488 3519; x_wconf 85' lang='lat' dir='ltr'><strong>devoveo,</strong></span> <span class='ocrx_word' id='word_1_232' title='bbox 511 3455 601 3519; x_wconf 91' lang='lat' dir='ltr'><strong>quem</strong></span> <span class='ocrx_word' id='word_1_233' title='bbox 623 3451 708 3496; x_wconf 84' lang='lat' dir='ltr'><strong>mens</strong></span> <span class='ocrx_word' id='word_1_234' title='bbox 729 3433 895 3518; x_wconf 77' lang='lat' dir='ltr'><strong>intellegit,</strong></span> <span class='ocrx_word' id='word_1_235' title='bbox 918 3434 1001 3518; x_wconf 91' lang='lat' dir='ltr'><strong>lhin,</strong></span> 
     </span>
     <span class='ocr_line' id='line_1_38' title="bbox 186 3524 875 3604; baseline -0.004 -14"><span class='ocrx_word' id='word_1_236' title='bbox 186 3526 243 3599; x_wconf 91' lang='lat' dir='ltr'><strong>Qui</strong></span> <span class='ocrx_word' id='word_1_237' title='bbox 266 3530 323 3590; x_wconf 89' lang='lat' dir='ltr'><strong>scit</strong></span> <span class='ocrx_word' id='word_1_238' title='bbox 345 3545 378 3589; x_wconf 86' lang='lat' dir='ltr'><strong>se</strong></span> <span class='ocrx_word' id='word_1_239' title='bbox 401 3528 487 3589; x_wconf 84' lang='lat' dir='ltr'><strong>laetis</strong></span> <span class='ocrx_word' id='word_1_240' title='bbox 509 3525 563 3587; x_wconf 91' lang='lat' dir='ltr'><strong>has</strong></span> <span class='ocrx_word' id='word_1_241' title='bbox 585 3524 731 3586; x_wconf 84' lang='lat' dir='ltr'><strong>meruisse</strong></span> <span class='ocrx_word' id='word_1_242' title='bbox 753 3540 875 3604; x_wconf 83' lang='lat' dir='ltr'><strong>preces.</strong></span> 
     </span>
    </p>
   </div>
   <div class='ocr_carea' id='block_1_3' title="bbox 0 0 1198 3892">
    <p class='ocr_par' dir='ltr' id='par_1_3' title="bbox 0 0 1198 3892">
     <span class='ocr_line' id='line_1_39' title="bbox 0 0 1198 3892; baseline 0 1"><span class='ocrx_word' id='word_1_243' title='bbox 0 0 1198 3892; x_wconf 95' lang='lat' dir='ltr'><strong> </strong></span> 
     </span>
    </p>
   </div>
  </div>
 </body>
</html>
