<?xml version="1.0" encoding="UTF-8"?>
<!DOCTYPE html PUBLIC "-//W3C//DTD XHTML 1.0 Transitional//EN"
    "http://www.w3.org/TR/xhtml1/DTD/xhtml1-transitional.dtd">
<html xmlns="http://www.w3.org/1999/xhtml" xml:lang="en" lang="en">
 <head>
  <title>
</title>
<meta http-equiv="Content-Type" content="text/html;charset=utf-8" />
  <meta name='ocr-system' content='tesseract 3.04.00' />
  <meta name='ocr-capabilities' content='ocr_page ocr_carea ocr_par ocr_line ocrx_word'/>
</head>
<body>
  <div class='ocr_page' id='page_1' title='image "./ovidiusexiterat00ovidgoog_0161.png"; bbox 0 0 2386 3892; ppageno 0'>
   <div class='ocr_carea' id='block_1_1' title="bbox 152 177 709 242">
    <p class='ocr_par' dir='ltr' id='par_1_1' title="bbox 152 177 709 242">
     <span class='ocr_line' id='line_1_1' title="bbox 152 177 709 242; baseline 0.002 -15"><span class='ocrx_word' id='word_1_1' title='bbox 152 177 216 242; x_wconf 84' lang='lat'><strong>110</strong></span> <span class='ocrx_word' id='word_1_2' title='bbox 599 177 709 228; x_wconf 81' lang='lat' dir='ltr'><strong>muns</strong></span> 
     </span>
    </p>
   </div>
   <div class='ocr_carea' id='block_1_2' title="bbox 170 339 1150 3587">
    <p class='ocr_par' dir='ltr' id='par_1_2' title="bbox 170 339 1150 3587">
     <span class='ocr_line' id='line_1_2' title="bbox 172 339 927 420; baseline -0.007 -16"><span class='ocrx_word' id='word_1_3' title='bbox 172 353 224 404; x_wconf 79' lang='lat'><strong>245</strong></span> <span class='ocrx_word' id='word_1_4' title='bbox 238 342 277 403; x_wconf 89' lang='lat' dir='ltr'><strong>Et</strong></span> <span class='ocrx_word' id='word_1_5' title='bbox 300 360 337 402; x_wconf 93' lang='lat' dir='ltr'><strong>ne</strong></span> <span class='ocrx_word' id='word_1_6' title='bbox 360 340 447 419; x_wconf 83' lang='lat' dir='ltr'><strong>longa</strong></span> <span class='ocrx_word' id='word_1_7' title='bbox 470 358 524 401; x_wconf 90' lang='lat' dir='ltr'><strong>suo</strong></span> <span class='ocrx_word' id='word_1_8' title='bbox 547 342 699 419; x_wconf 83' lang='lat' dir='ltr'><strong>praesagia</strong></span> <span class='ocrx_word' id='word_1_9' title='bbox 721 339 834 400; x_wconf 92' lang='lat' dir='ltr'><strong>diceret</strong></span> <span class='ocrx_word' id='word_1_10' title='bbox 856 357 927 420; x_wconf 90' lang='lat' dir='ltr'><strong>ore,</strong></span> 
     </span>
     <span class='ocr_line' id='line_1_3' title="bbox 286 421 964 508; baseline 0 -19"><span class='ocrx_word' id='word_1_11' title='bbox 286 425 367 490; x_wconf 78' lang='lat' dir='ltr'><strong>‘Fata</strong></span> <span class='ocrx_word' id='word_1_12' title='bbox 390 439 476 490; x_wconf 88' lang='lat' dir='ltr'><strong>canet</strong></span> <span class='ocrx_word' id='word_1_13' title='bbox 499 436 579 489; x_wconf 88' lang='lat' dir='ltr'><strong>vates</strong></span> <span class='ocrx_word' id='word_1_14' title='bbox 602 430 654 508; x_wconf 89' lang='lat' dir='ltr'><strong>qui</strong></span> <span class='ocrx_word' id='word_1_15' title='bbox 676 421 748 508; x_wconf 89' lang='lat' dir='ltr'><strong>tua&#39;,</strong></span> <span class='ocrx_word' id='word_1_16' title='bbox 771 427 844 489; x_wconf 86' lang='lat' dir='ltr'><strong>dixit</strong></span> <span class='ocrx_word' id='word_1_17' title='bbox 867 423 964 489; x_wconf 69' lang='lat' dir='ltr'><strong>‘erit’</strong></span> 
     </span>
     <span class='ocr_line' id='line_1_4' title="bbox 238 515 1080 597; baseline -0.002 -18"><span class='ocrx_word' id='word_1_18' title='bbox 238 519 290 579; x_wconf 93' lang='lat' dir='ltr'><strong>llle</strong></span> <span class='ocrx_word' id='word_1_19' title='bbox 314 536 368 596; x_wconf 86' lang='lat' dir='ltr'><strong>ego</strong></span> <span class='ocrx_word' id='word_1_20' title='bbox 391 535 458 578; x_wconf 89' lang='lat' dir='ltr'><strong>sum</strong></span> <span class='ocrx_word' id='word_1_21' title='bbox 480 525 583 578; x_wconf 84' lang='lat' dir='ltr'><strong>rates.</strong></span> <span class='ocrx_word' id='word_1_22' title='bbox 619 534 656 576; x_wconf 82' lang='lat' dir='ltr'><strong>ex</strong></span> <span class='ocrx_word' id='word_1_23' title='bbox 679 533 726 575; x_wconf 94' lang='lat' dir='ltr'><strong>me</strong></span> <span class='ocrx_word' id='word_1_24' title='bbox 749 525 799 576; x_wconf 91' lang='lat' dir='ltr'><strong>tua</strong></span> <span class='ocrx_word' id='word_1_25' title='bbox 822 515 944 576; x_wconf 88' lang='lat' dir='ltr'><strong>vulnera</strong></span> <span class='ocrx_word' id='word_1_26' title='bbox 967 515 1080 597; x_wconf 86' lang='lat' dir='ltr'><strong>disces,</strong></span> 
     </span>
     <span class='ocr_line' id='line_1_5' title="bbox 283 602 1035 684; baseline -0.003 -18"><span class='ocrx_word' id='word_1_27' title='bbox 283 606 360 666; x_wconf 83' lang='lat' dir='ltr'>Dent</span> <span class='ocrx_word' id='word_1_28' title='bbox 382 605 469 666; x_wconf 90' lang='lat' dir='ltr'><strong>modo</strong></span> <span class='ocrx_word' id='word_1_29' title='bbox 492 604 523 666; x_wconf 95' lang='lat' dir='ltr'><strong>di</strong></span> <span class='ocrx_word' id='word_1_30' title='bbox 545 607 624 665; x_wconf 87' lang='lat' dir='ltr'><strong>vires</strong></span> <span class='ocrx_word' id='word_1_31' title='bbox 647 605 679 664; x_wconf 93' lang='lat' dir='ltr'><strong>iu</strong></span> <span class='ocrx_word' id='word_1_32' title='bbox 702 621 766 664; x_wconf 90' lang='lat' dir='ltr'><strong>mea</strong></span> <span class='ocrx_word' id='word_1_33' title='bbox 789 602 878 664; x_wconf 88' lang='lat' dir='ltr'><strong>verba</strong></span> <span class='ocrx_word' id='word_1_34' title='bbox 902 621 990 684; x_wconf 88' lang='lat' dir='ltr'><strong>suas,</strong></span> <span class='ocrx_word' id='word_1_35' title='bbox 1028 659 1035 672; x_wconf 84' lang='grc'><em>,</em></span> 
     </span>
     <span class='ocr_line' id='line_1_6' title="bbox 239 690 1041 773; baseline -0.005 -17"><span class='ocrx_word' id='word_1_36' title='bbox 239 692 484 773; x_wconf 83' lang='lat' dir='ltr'>Carminibusque</span> <span class='ocrx_word' id='word_1_37' title='bbox 508 695 582 754; x_wconf 89' lang='lat' dir='ltr'><strong>meis</strong></span> <span class='ocrx_word' id='word_1_38' title='bbox 605 690 746 752; x_wconf 89' lang='lat' dir='ltr'><strong>accedant</strong></span> <span class='ocrx_word' id='word_1_39' title='bbox 768 692 898 771; x_wconf 92' lang='lat' dir='ltr'><strong>pondera</strong></span> <span class='ocrx_word' id='word_1_40' title='bbox 922 709 1041 772; x_wconf 89' lang='lat' dir='ltr'><strong>rerum,</strong></span> 
     </span>
     <span class='ocr_line' id='line_1_7' title="bbox 173 780 935 860; baseline -0.005 -15"><span class='ocrx_word' id='word_1_41' title='bbox 173 795 226 845; x_wconf 78' lang='lat'><strong>250</strong></span> <span class='ocrx_word' id='word_1_42' title='bbox 284 782 366 854; x_wconf 85' lang='lat' dir='ltr'><strong>Quae</strong></span> <span class='ocrx_word' id='word_1_43' title='bbox 388 790 451 842; x_wconf 90' lang='lat' dir='ltr'><strong>rata</strong></span> <span class='ocrx_word' id='word_1_44' title='bbox 474 799 528 860; x_wconf 93' lang='lat' dir='ltr'><strong>per</strong></span> <span class='ocrx_word' id='word_1_45' title='bbox 551 780 650 841; x_wconf 90' lang='lat' dir='ltr'><strong>luctus</strong></span> <span class='ocrx_word' id='word_1_46' title='bbox 674 782 827 858; x_wconf 81' lang='lat' dir='ltr'><strong>experiare</strong></span> <span class='ocrx_word' id='word_1_47' title='bbox 850 787 935 841; x_wconf 88' lang='lat' dir='ltr'><strong>tuos.</strong></span> 
     </span>
     <span class='ocr_line' id='line_1_8' title="bbox 237 867 961 948; baseline -0.003 -17"><span class='ocrx_word' id='word_1_48' title='bbox 237 869 317 931; x_wconf 86' lang='lat' dir='ltr'><strong>Neve</strong></span> <span class='ocrx_word' id='word_1_49' title='bbox 340 872 404 931; x_wconf 89' lang='lat' dir='ltr'><strong>sine</strong></span> <span class='ocrx_word' id='word_1_50' title='bbox 427 867 569 947; x_wconf 79' lang='lat' dir='ltr'><strong>exemplis</strong></span> <span class='ocrx_word' id='word_1_51' title='bbox 591 870 655 930; x_wconf 85' lang='lat' dir='ltr'><strong>aeri</strong></span> <span class='ocrx_word' id='word_1_52' title='bbox 677 869 812 929; x_wconf 76' lang='lat' dir='ltr'><strong>cruciere</strong></span> <span class='ocrx_word' id='word_1_53' title='bbox 835 869 961 948; x_wconf 92' lang='lat' dir='ltr'><strong>prioris,</strong></span> 
     </span>
     <span class='ocr_line' id='line_1_9' title="bbox 283 954 921 1019; baseline 0 -1"><span class='ocrx_word' id='word_1_54' title='bbox 283 957 349 1018; x_wconf 86' lang='lat' dir='ltr'><strong>Sint</strong></span> <span class='ocrx_word' id='word_1_55' title='bbox 372 966 422 1019; x_wconf 93' lang='lat' dir='ltr'><strong>tua</strong></span> <span class='ocrx_word' id='word_1_56' title='bbox 445 957 581 1018; x_wconf 82' lang='lat' dir='ltr'><strong>Troianis</strong></span> <span class='ocrx_word' id='word_1_57' title='bbox 603 973 664 1016; x_wconf 92' lang='lat' dir='ltr'><strong>nou</strong></span> <span class='ocrx_word' id='word_1_58' title='bbox 687 954 797 1017; x_wconf 86' lang='lat' dir='ltr'><strong>leviora</strong></span> <span class='ocrx_word' id='word_1_59' title='bbox 819 955 921 1018; x_wconf 89' lang='lat' dir='ltr'><strong>malis.</strong></span> 
     </span>
     <span class='ocr_line' id='line_1_10' title="bbox 239 1043 1044 1126; baseline -0.001 -20"><span class='ocrx_word' id='word_1_60' title='bbox 239 1046 412 1125; x_wconf 83' lang='lat' dir='ltr'><strong>Quantaque</strong></span> <span class='ocrx_word' id='word_1_61' title='bbox 436 1043 574 1123; x_wconf 86' lang='lat' dir='ltr'><strong>clavigeri</strong></span> <span class='ocrx_word' id='word_1_62' title='bbox 596 1044 756 1105; x_wconf 81' lang='lat' dir='ltr'><strong>Poeantius</strong></span> <span class='ocrx_word' id='word_1_63' title='bbox 778 1043 914 1105; x_wconf 88' lang='lat' dir='ltr'><strong>Herculis</strong></span> <span class='ocrx_word' id='word_1_64' title='bbox 936 1043 1044 1126; x_wconf 87' lang='lat' dir='ltr'><strong>heres,</strong></span> 
     </span>
     <span class='ocr_line' id='line_1_11' title="bbox 282 1132 921 1211; baseline 0.002 -18"><span class='ocrx_word' id='word_1_65' title='bbox 282 1134 375 1195; x_wconf 90' lang='lat' dir='ltr'><strong>Tanta</strong></span> <span class='ocrx_word' id='word_1_66' title='bbox 397 1140 540 1194; x_wconf 87' lang='lat' dir='ltr'><strong>venenato</strong></span> <span class='ocrx_word' id='word_1_67' title='bbox 563 1132 685 1193; x_wconf 86' lang='lat' dir='ltr'><strong>vulnera</strong></span> <span class='ocrx_word' id='word_1_68' title='bbox 707 1149 796 1193; x_wconf 90' lang='lat' dir='ltr'><strong>crure</strong></span> <span class='ocrx_word' id='word_1_69' title='bbox 819 1150 921 1211; x_wconf 85' lang='lat' dir='ltr'><strong>geras.</strong></span> 
     </span>
     <span class='ocr_line' id='line_1_12' title="bbox 172 1219 1105 1302; baseline -0.002 -19"><span class='ocrx_word' id='word_1_70' title='bbox 172 1233 224 1284; x_wconf 70' lang='lat' dir='ltr'><strong>ecs</strong></span> <span class='ocrx_word' id='word_1_71' title='bbox 238 1221 300 1282; x_wconf 88' lang='lat' dir='ltr'><strong>Nec</strong></span> <span class='ocrx_word' id='word_1_72' title='bbox 323 1222 417 1282; x_wconf 85' lang='lat' dir='ltr'><strong>levius</strong></span> <span class='ocrx_word' id='word_1_73' title='bbox 440 1220 540 1281; x_wconf 88' lang='lat' dir='ltr'><strong>doleas</strong></span> <span class='ocrx_word' id='word_1_74' title='bbox 553 1269 562 1302; x_wconf 97' lang='lat'><strong>,</strong></span> <span class='ocrx_word' id='word_1_75' title='bbox 586 1238 673 1299; x_wconf 92' lang='lat' dir='ltr'><strong>quam</strong></span> <span class='ocrx_word' id='word_1_76' title='bbox 697 1222 748 1300; x_wconf 90' lang='lat' dir='ltr'><strong>qui</strong></span> <span class='ocrx_word' id='word_1_77' title='bbox 771 1219 846 1281; x_wconf 86' lang='lat' dir='ltr'><strong>bibit</strong></span> <span class='ocrx_word' id='word_1_78' title='bbox 869 1219 961 1281; x_wconf 88' lang='lat' dir='ltr'><strong>ubera</strong></span> <span class='ocrx_word' id='word_1_79' title='bbox 984 1237 1105 1300; x_wconf 88' lang='lat' dir='ltr'><strong>cervae,</strong></span> 
     </span>
     <span class='ocr_line' id='line_1_13' title="bbox 283 1306 968 1388; baseline -0.001 -18"><span class='ocrx_word' id='word_1_80' title='bbox 283 1311 453 1388; x_wconf 82' lang='lat' dir='ltr'><strong>Armatique</strong></span> <span class='ocrx_word' id='word_1_81' title='bbox 476 1308 544 1369; x_wconf 89' lang='lat' dir='ltr'><strong>tulit</strong></span> <span class='ocrx_word' id='word_1_82' title='bbox 566 1306 674 1369; x_wconf 82' lang='lat' dir='ltr'><strong>vulnus</strong></span> <span class='ocrx_word' id='word_1_83' title='bbox 686 1355 696 1388; x_wconf 97' lang='lat'><strong>,</strong></span> <span class='ocrx_word' id='word_1_84' title='bbox 718 1309 841 1369; x_wconf 90' lang='lat' dir='ltr'><strong>inermis</strong></span> <span class='ocrx_word' id='word_1_85' title='bbox 864 1326 968 1387; x_wconf 90' lang='lat' dir='ltr'><strong>opem.</strong></span> 
     </span>
     <span class='ocr_line' id='line_1_14' title="bbox 238 1395 1078 1478; baseline -0.002 -19"><span class='ocrx_word' id='word_1_86' title='bbox 238 1397 355 1478; x_wconf 83' lang='lat' dir='ltr'><strong>Quique</strong></span> <span class='ocrx_word' id='word_1_87' title='bbox 378 1397 414 1457; x_wconf 94' lang='lat' dir='ltr'><strong>ab</strong></span> <span class='ocrx_word' id='word_1_88' title='bbox 438 1415 514 1476; x_wconf 90' lang='lat' dir='ltr'><strong>equo</strong></span> <span class='ocrx_word' id='word_1_89' title='bbox 538 1414 680 1476; x_wconf 87' lang='lat' dir='ltr'><strong>praeceps</strong></span> <span class='ocrx_word' id='word_1_90' title='bbox 703 1397 735 1456; x_wconf 92' lang='lat' dir='ltr'><strong>iu</strong></span> <span class='ocrx_word' id='word_1_91' title='bbox 758 1395 839 1457; x_wconf 77' lang='lat' dir='ltr'><strong>Aleia</strong></span> <span class='ocrx_word' id='word_1_92' title='bbox 861 1396 973 1457; x_wconf 91' lang='lat' dir='ltr'><strong>decidit</strong></span> <span class='ocrx_word' id='word_1_93' title='bbox 994 1413 1078 1477; x_wconf 86' lang='lat' dir='ltr'><strong>arva,</strong></span> 
     </span>
     <span class='ocr_line' id='line_1_15' title="bbox 284 1484 856 1562; baseline -0.002 -16"><span class='ocrx_word' id='word_1_94' title='bbox 284 1486 381 1546; x_wconf 82' lang='lat' dir='ltr'><strong>Exitio</strong></span> <span class='ocrx_word' id='word_1_95' title='bbox 405 1486 495 1545; x_wconf 88' lang='lat' dir='ltr'><strong>iacies</strong></span> <span class='ocrx_word' id='word_1_96' title='bbox 519 1487 568 1545; x_wconf 90' lang='lat' dir='ltr'><strong>cui</strong></span> <span class='ocrx_word' id='word_1_97' title='bbox 590 1502 644 1546; x_wconf 87' lang='lat' dir='ltr'><strong>sua</strong></span> <span class='ocrx_word' id='word_1_98' title='bbox 667 1501 760 1562; x_wconf 92' lang='lat' dir='ltr'><strong>paene</strong></span> <span class='ocrx_word' id='word_1_99' title='bbox 783 1484 856 1546; x_wconf 87' lang='lat' dir='ltr'><strong>fuit.</strong></span> 
     </span>
     <span class='ocr_line' id='line_1_16' title="bbox 238 1571 1150 1654; baseline -0.003 -20"><span class='ocrx_word' id='word_1_100' title='bbox 238 1573 287 1654; x_wconf 96' lang='lat' dir='ltr'><strong>ld,</strong></span> <span class='ocrx_word' id='word_1_101' title='bbox 311 1571 390 1651; x_wconf 92' lang='lat' dir='ltr'><strong>quod</strong></span> <span class='ocrx_word' id='word_1_102' title='bbox 409 1573 633 1653; x_wconf 78' lang='lat' dir='ltr'><strong>Amyntorides,</strong></span> <span class='ocrx_word' id='word_1_103' title='bbox 651 1572 768 1653; x_wconf 85' lang='lat' dir='ltr'><strong>videas,</strong></span> <span class='ocrx_word' id='word_1_104' title='bbox 791 1571 1000 1652; x_wconf 88' lang='lat' dir='ltr'><strong>trepidumque</strong></span> <span class='ocrx_word' id='word_1_105' title='bbox 1018 1572 1150 1633; x_wconf 90' lang='lat' dir='ltr'><strong>ministro</strong></span> 
     </span>
     <span class='ocr_line' id='line_1_17' title="bbox 173 1659 969 1738; baseline 0 -17"><span class='ocrx_word' id='word_1_106' title='bbox 173 1673 224 1724; x_wconf 77' lang='lat'><strong>260</strong></span> <span class='ocrx_word' id='word_1_107' title='bbox 282 1660 484 1738; x_wconf 89' lang='lat' dir='ltr'><strong>Praetemptes</strong></span> <span class='ocrx_word' id='word_1_108' title='bbox 507 1660 611 1721; x_wconf 91' lang='lat' dir='ltr'><strong>baculo</strong></span> <span class='ocrx_word' id='word_1_109' title='bbox 635 1659 756 1722; x_wconf 93' lang='lat' dir='ltr'><strong>luminis</strong></span> <span class='ocrx_word' id='word_1_110' title='bbox 779 1659 870 1721; x_wconf 90' lang='lat' dir='ltr'><strong>orbus</strong></span> <span class='ocrx_word' id='word_1_111' title='bbox 893 1663 969 1721; x_wconf 92' lang='lat' dir='ltr'><strong>iter.</strong></span> 
     </span>
     <span class='ocr_line' id='line_1_18' title="bbox 238 1747 1056 1830; baseline -0.001 -21"><span class='ocrx_word' id='word_1_112' title='bbox 238 1748 390 1827; x_wconf 85' lang='lat' dir='ltr'><strong>Necplus</strong></span> <span class='ocrx_word' id='word_1_113' title='bbox 413 1750 560 1830; x_wconf 91' lang='lat' dir='ltr'><strong>aspicias,</strong></span> <span class='ocrx_word' id='word_1_114' title='bbox 583 1765 671 1828; x_wconf 94' lang='lat' dir='ltr'><strong>quam</strong></span> <span class='ocrx_word' id='word_1_115' title='bbox 694 1765 783 1827; x_wconf 86' lang='lat' dir='ltr'><strong>quem</strong></span> <span class='ocrx_word' id='word_1_116' title='bbox 807 1765 860 1809; x_wconf 92' lang='lat' dir='ltr'><strong>sua</strong></span> <span class='ocrx_word' id='word_1_117' title='bbox 882 1747 941 1809; x_wconf 86' lang='lat' dir='ltr'><strong>illia</strong></span> <span class='ocrx_word' id='word_1_118' title='bbox 964 1749 1056 1829; x_wconf 81' lang='lat' dir='ltr'><strong>rexit,</strong></span> 
     </span>
     <span class='ocr_line' id='line_1_19' title="bbox 283 1835 1028 1915; baseline 0.003 -20"><span class='ocrx_word' id='word_1_119' title='bbox 283 1835 431 1914; x_wconf 87' lang='lat' dir='ltr'><strong>Expertus</strong></span> <span class='ocrx_word' id='word_1_120' title='bbox 453 1836 551 1896; x_wconf 91' lang='lat' dir='ltr'><strong>scelus</strong></span> <span class='ocrx_word' id='word_1_121' title='bbox 574 1844 620 1896; x_wconf 88' lang='lat' dir='ltr'><strong>est</strong></span> <span class='ocrx_word' id='word_1_122' title='bbox 642 1837 728 1897; x_wconf 88' lang='lat' dir='ltr'><strong>cuius</strong></span> <span class='ocrx_word' id='word_1_123' title='bbox 751 1844 878 1915; x_wconf 89' lang='lat' dir='ltr'><strong>uterque</strong></span> <span class='ocrx_word' id='word_1_124' title='bbox 901 1854 1028 1915; x_wconf 72' lang='lat' dir='ltr'><strong>pareusz</strong></span> 
     </span>
     <span class='ocr_line' id='line_1_20' title="bbox 239 1922 1061 2004; baseline 0.002 -20"><span class='ocrx_word' id='word_1_125' title='bbox 239 1922 339 1993; x_wconf 83' lang='lat' dir='ltr'><strong>Qualis</strong></span> <span class='ocrx_word' id='word_1_126' title='bbox 362 1930 426 1984; x_wconf 92' lang='lat' dir='ltr'><strong>erat</strong></span> <span class='ocrx_word' id='word_1_127' title='bbox 438 1971 447 2004; x_wconf 98' lang='lat'><strong>,</strong></span> <span class='ocrx_word' id='word_1_128' title='bbox 470 1932 626 2003; x_wconf 88' lang='lat' dir='ltr'><strong>postquam</strong></span> <span class='ocrx_word' id='word_1_129' title='bbox 649 1932 695 1984; x_wconf 90' lang='lat' dir='ltr'><strong>est</strong></span> <span class='ocrx_word' id='word_1_130' title='bbox 717 1923 806 1984; x_wconf 83' lang='lat' dir='ltr'><strong>iudex</strong></span> <span class='ocrx_word' id='word_1_131' title='bbox 829 1924 866 1985; x_wconf 94' lang='lat' dir='ltr'><strong>de</strong></span> <span class='ocrx_word' id='word_1_132' title='bbox 889 1923 940 1985; x_wconf 90' lang='lat' dir='ltr'><strong>lite</strong></span> <span class='ocrx_word' id='word_1_133' title='bbox 963 1925 1061 1986; x_wconf 88' lang='lat' dir='ltr'><strong>iocosa</strong></span> 
     </span>
     <span class='ocr_line' id='line_1_21' title="bbox 284 2010 1014 2091; baseline 0 -19"><span class='ocrx_word' id='word_1_134' title='bbox 284 2011 447 2091; x_wconf 90' lang='lat' dir='ltr'><strong>Sumptus,</strong></span> <span class='ocrx_word' id='word_1_135' title='bbox 470 2011 620 2090; x_wconf 79' lang='lat' dir='ltr'><strong>Apollinea</strong></span> <span class='ocrx_word' id='word_1_136' title='bbox 643 2010 742 2073; x_wconf 88' lang='lat' dir='ltr'><strong>clarus</strong></span> <span class='ocrx_word' id='word_1_137' title='bbox 764 2013 796 2072; x_wconf 93' lang='lat' dir='ltr'><strong>in</strong></span> <span class='ocrx_word' id='word_1_138' title='bbox 818 2019 882 2074; x_wconf 86' lang='lat' dir='ltr'><strong>arte</strong></span> <span class='ocrx_word' id='word_1_139' title='bbox 905 2030 1014 2073; x_wconf 72' lang='lat' dir='ltr'><strong>senene</strong></span> 
     </span>
     <span class='ocr_line' id='line_1_22' title="bbox 173 2098 1144 2180; baseline 0.001 -20"><span class='ocrx_word' id='word_1_140' title='bbox 173 2111 224 2161; x_wconf 78' lang='lat'><strong>265</strong></span> <span class='ocrx_word' id='word_1_141' title='bbox 240 2099 340 2169; x_wconf 82' lang='lat' dir='ltr'><strong>Qualis</strong></span> <span class='ocrx_word' id='word_1_142' title='bbox 364 2107 394 2160; x_wconf 85' lang='lat' dir='ltr'><strong>el</strong></span> <span class='ocrx_word' id='word_1_143' title='bbox 415 2098 464 2159; x_wconf 90' lang='lat' dir='ltr'><strong>ille</strong></span> <span class='ocrx_word' id='word_1_144' title='bbox 489 2100 566 2180; x_wconf 89' lang='lat' dir='ltr'><strong>luit,</strong></span> <span class='ocrx_word' id='word_1_145' title='bbox 590 2117 648 2178; x_wconf 89' lang='lat' dir='ltr'><strong>quo</strong></span> <span class='ocrx_word' id='word_1_146' title='bbox 671 2101 872 2178; x_wconf 89' lang='lat' dir='ltr'><strong>praecipiente</strong></span> <span class='ocrx_word' id='word_1_147' title='bbox 895 2099 1031 2161; x_wconf 91' lang='lat' dir='ltr'><strong>columba</strong></span> <span class='ocrx_word' id='word_1_148' title='bbox 1108 2111 1144 2163; x_wconf 67' lang='grc' dir='ltr'><strong>(ιε)</strong></span> 
     </span>
     <span class='ocr_line' id='line_1_23' title="bbox 283 2185 974 2267; baseline 0.004 -21"><span class='ocrx_word' id='word_1_149' title='bbox 283 2186 337 2247; x_wconf 88' lang='lat' dir='ltr'><strong>Est</strong></span> <span class='ocrx_word' id='word_1_150' title='bbox 359 2186 426 2247; x_wconf 90' lang='lat' dir='ltr'><strong>data</strong></span> <span class='ocrx_word' id='word_1_151' title='bbox 449 2185 592 2247; x_wconf 88' lang='lat' dir='ltr'><strong>Palladiae</strong></span> <span class='ocrx_word' id='word_1_152' title='bbox 615 2189 734 2266; x_wconf 89' lang='lat' dir='ltr'><strong>praevia</strong></span> <span class='ocrx_word' id='word_1_153' title='bbox 757 2187 876 2267; x_wconf 82' lang='lat' dir='ltr'><strong>duaque</strong></span> <span class='ocrx_word' id='word_1_154' title='bbox 899 2190 974 2250; x_wconf 87' lang='lat' dir='ltr'><strong>rati:</strong></span> 
     </span>
     <span class='ocr_line' id='line_1_24' title="bbox 239 2274 1140 2355; baseline -0.002 -19"><span class='ocrx_word' id='word_1_155' title='bbox 239 2274 355 2354; x_wconf 84' lang='lat' dir='ltr'><strong>Quique</strong></span> <span class='ocrx_word' id='word_1_156' title='bbox 379 2274 473 2335; x_wconf 91' lang='lat' dir='ltr'><strong>oculis</strong></span> <span class='ocrx_word' id='word_1_157' title='bbox 496 2277 608 2355; x_wconf 93' lang='lat' dir='ltr'><strong>caruit,</strong></span> <span class='ocrx_word' id='word_1_158' title='bbox 630 2293 685 2354; x_wconf 94' lang='lat' dir='ltr'><strong>per</strong></span> <span class='ocrx_word' id='word_1_159' title='bbox 708 2293 783 2354; x_wconf 92' lang='lat' dir='ltr'><strong>quos</strong></span> <span class='ocrx_word' id='word_1_160' title='bbox 801 2275 875 2336; x_wconf 93' lang='lat' dir='ltr'><strong>male</strong></span> <span class='ocrx_word' id='word_1_161' title='bbox 894 2275 1009 2337; x_wconf 86' lang='lat' dir='ltr'><strong>viderat</strong></span> <span class='ocrx_word' id='word_1_162' title='bbox 1031 2292 1140 2352; x_wconf 89' lang='lat' dir='ltr'><strong>eurum,</strong></span> 
     </span>
     <span class='ocr_line' id='line_1_25' title="bbox 282 2361 942 2442; baseline 0.005 -20"><span class='ocrx_word' id='word_1_163' title='bbox 282 2362 406 2424; x_wconf 84' lang='lat' dir='ltr'><strong>Inferias</strong></span> <span class='ocrx_word' id='word_1_164' title='bbox 428 2371 497 2424; x_wconf 93' lang='lat' dir='ltr'><strong>nato</strong></span> <span class='ocrx_word' id='word_1_165' title='bbox 521 2380 595 2442; x_wconf 92' lang='lat' dir='ltr'><strong>quos</strong></span> <span class='ocrx_word' id='word_1_166' title='bbox 618 2362 701 2423; x_wconf 94' lang='lat' dir='ltr'><strong>dedit</strong></span> <span class='ocrx_word' id='word_1_167' title='bbox 722 2361 794 2424; x_wconf 92' lang='lat' dir='ltr'><strong>orba</strong></span> <span class='ocrx_word' id='word_1_168' title='bbox 816 2381 942 2442; x_wconf 85' lang='lat' dir='ltr'><strong>pareus:</strong></span> 
     </span>
     <span class='ocr_line' id='line_1_26' title="bbox 238 2450 1006 2530; baseline 0.001 -18"><span class='ocrx_word' id='word_1_169' title='bbox 238 2451 342 2512; x_wconf 92' lang='lat' dir='ltr'><strong>Pastor</strong></span> <span class='ocrx_word' id='word_1_170' title='bbox 365 2459 399 2513; x_wconf 94' lang='lat' dir='ltr'><strong>ut</strong></span> <span class='ocrx_word' id='word_1_171' title='bbox 422 2452 591 2530; x_wconf 83' lang='lat' dir='ltr'><strong>Aetnaeus,</strong></span> <span class='ocrx_word' id='word_1_172' title='bbox 615 2453 664 2511; x_wconf 92' lang='lat' dir='ltr'><strong>cui</strong></span> <span class='ocrx_word' id='word_1_173' title='bbox 687 2468 774 2511; x_wconf 91' lang='lat' dir='ltr'><strong>casus</strong></span> <span class='ocrx_word' id='word_1_174' title='bbox 797 2460 864 2512; x_wconf 85' lang='lat' dir='ltr'><strong>aute</strong></span> <span class='ocrx_word' id='word_1_175' title='bbox 888 2450 1006 2513; x_wconf 82' lang='lat' dir='ltr'><strong>futuros</strong></span> 
     </span>
     <span class='ocr_line' id='line_1_27' title="bbox 171 2539 922 2619; baseline 0.003 -20"><span class='ocrx_word' id='word_1_176' title='bbox 171 2551 223 2601; x_wconf 76' lang='lat'><strong>270</strong></span> <span class='ocrx_word' id='word_1_177' title='bbox 281 2539 419 2601; x_wconf 86' lang='lat' dir='ltr'><strong>Telemus</strong></span> <span class='ocrx_word' id='word_1_178' title='bbox 442 2539 618 2619; x_wconf 81' lang='lat' dir='ltr'><strong>Eurymides</strong></span> <span class='ocrx_word' id='word_1_179' title='bbox 641 2541 817 2600; x_wconf 83' lang='lat' dir='ltr'><strong>vaticinatus</strong></span> <span class='ocrx_word' id='word_1_180' title='bbox 840 2547 922 2601; x_wconf 87' lang='lat' dir='ltr'><strong>erat:</strong></span> 
     </span>
     <span class='ocr_line' id='line_1_28' title="bbox 236 2625 1050 2707; baseline 0.002 -21"><span class='ocrx_word' id='word_1_181' title='bbox 236 2625 275 2687; x_wconf 90' lang='lat' dir='ltr'><strong>Ut</strong></span> <span class='ocrx_word' id='word_1_182' title='bbox 297 2628 355 2687; x_wconf 93' lang='lat' dir='ltr'><strong>duo</strong></span> <span class='ocrx_word' id='word_1_183' title='bbox 379 2626 544 2707; x_wconf 91' lang='lat' dir='ltr'><strong>Phinidae,</strong></span> <span class='ocrx_word' id='word_1_184' title='bbox 568 2625 677 2706; x_wconf 90' lang='lat' dir='ltr'><strong>quibus</strong></span> <span class='ocrx_word' id='word_1_185' title='bbox 700 2627 779 2688; x_wconf 94' lang='lat' dir='ltr'><strong>idem</strong></span> <span class='ocrx_word' id='word_1_186' title='bbox 802 2627 901 2689; x_wconf 90' lang='lat' dir='ltr'><strong>lumen</strong></span> <span class='ocrx_word' id='word_1_187' title='bbox 925 2627 1034 2689; x_wconf 83' lang='lat' dir='ltr'><strong>ademit</strong></span> <span class='ocrx_word' id='word_1_188' title='bbox 1042 2675 1050 2706; x_wconf 93' lang='lat'><strong>,</strong></span> 
     </span>
     <span class='ocr_line' id='line_1_29' title="bbox 281 2712 1066 2795; baseline 0 -21"><span class='ocrx_word' id='word_1_189' title='bbox 281 2712 339 2784; x_wconf 87' lang='lat' dir='ltr'><strong>Qui</strong></span> <span class='ocrx_word' id='word_1_190' title='bbox 361 2715 458 2776; x_wconf 89' lang='lat' dir='ltr'><strong>dedit:</strong></span> <span class='ocrx_word' id='word_1_191' title='bbox 481 2724 515 2777; x_wconf 91' lang='lat' dir='ltr'><strong>ut</strong></span> <span class='ocrx_word' id='word_1_192' title='bbox 537 2714 700 2794; x_wconf 87' lang='lat' dir='ltr'><strong>Thamyrae</strong></span> <span class='ocrx_word' id='word_1_193' title='bbox 722 2715 940 2795; x_wconf 86' lang='lat' dir='ltr'><strong>Demodocique</strong></span> <span class='ocrx_word' id='word_1_194' title='bbox 963 2724 1066 2794; x_wconf 87' lang='lat' dir='ltr'><strong>caput.</strong></span> 
     </span>
     <span class='ocr_line' id='line_1_30' title="bbox 238 2800 1076 2883; baseline 0 -21"><span class='ocrx_word' id='word_1_195' title='bbox 238 2800 286 2862; x_wconf 91' lang='lat' dir='ltr'><strong>Sic</strong></span> <span class='ocrx_word' id='word_1_196' title='bbox 310 2801 414 2879; x_wconf 90' lang='lat' dir='ltr'><strong>aliquis</strong></span> <span class='ocrx_word' id='word_1_197' title='bbox 436 2811 488 2864; x_wconf 91' lang='lat' dir='ltr'><strong>tua</strong></span> <span class='ocrx_word' id='word_1_198' title='bbox 510 2802 641 2863; x_wconf 89' lang='lat' dir='ltr'><strong>membra</strong></span> <span class='ocrx_word' id='word_1_199' title='bbox 665 2812 746 2865; x_wconf 88' lang='lat' dir='ltr'><strong>secet</strong></span> <span class='ocrx_word' id='word_1_200' title='bbox 758 2850 767 2883; x_wconf 96' lang='lat'><strong>,</strong></span> <span class='ocrx_word' id='word_1_201' title='bbox 792 2802 938 2864; x_wconf 90' lang='lat' dir='ltr'><strong>Saturnus</strong></span> <span class='ocrx_word' id='word_1_202' title='bbox 961 2811 996 2864; x_wconf 90' lang='lat' dir='ltr'><strong>ut</strong></span> <span class='ocrx_word' id='word_1_203' title='bbox 1017 2802 1076 2864; x_wconf 86' lang='lat' dir='ltr'><strong>illas</strong></span> 
     </span>
     <span class='ocr_line' id='line_1_31' title="bbox 281 2887 932 2971; baseline 0.006 -23"><span class='ocrx_word' id='word_1_204' title='bbox 281 2887 440 2950; x_wconf 90' lang='lat' dir='ltr'><strong>Subsecuit</strong></span> <span class='ocrx_word' id='word_1_205' title='bbox 462 2899 584 2971; x_wconf 89' lang='lat' dir='ltr'><strong>partes,</strong></span> <span class='ocrx_word' id='word_1_206' title='bbox 608 2890 685 2952; x_wconf 89' lang='lat' dir='ltr'><strong>uude</strong></span> <span class='ocrx_word' id='word_1_207' title='bbox 710 2899 828 2952; x_wconf 92' lang='lat' dir='ltr'><strong>creatus</strong></span> <span class='ocrx_word' id='word_1_208' title='bbox 851 2900 932 2952; x_wconf 88' lang='lat' dir='ltr'><strong>erat.</strong></span> 
     </span>
     <span class='ocr_line' id='line_1_32' title="bbox 170 2975 1063 3057; baseline 0.001 -19"><span class='ocrx_word' id='word_1_209' title='bbox 170 2988 222 3038; x_wconf 77' lang='lat' dir='ltr'><strong>eto</strong></span> <span class='ocrx_word' id='word_1_210' title='bbox 236 2976 297 3037; x_wconf 91' lang='lat' dir='ltr'><strong>Nec</strong></span> <span class='ocrx_word' id='word_1_211' title='bbox 321 2975 376 3037; x_wconf 94' lang='lat' dir='ltr'><strong>tibi</strong></span> <span class='ocrx_word' id='word_1_212' title='bbox 399 2980 437 3038; x_wconf 93' lang='lat' dir='ltr'><strong>sit</strong></span> <span class='ocrx_word' id='word_1_213' title='bbox 460 2978 563 3038; x_wconf 91' lang='lat' dir='ltr'><strong>melior</strong></span> <span class='ocrx_word' id='word_1_214' title='bbox 586 2979 706 3039; x_wconf 92' lang='lat' dir='ltr'><strong>tumidis</strong></span> <span class='ocrx_word' id='word_1_215' title='bbox 730 2978 886 3057; x_wconf 89' lang='lat' dir='ltr'><strong>Neptunus</strong></span> <span class='ocrx_word' id='word_1_216' title='bbox 908 2980 940 3040; x_wconf 92' lang='lat' dir='ltr'><strong>in</strong></span> <span class='ocrx_word' id='word_1_217' title='bbox 963 2978 1063 3057; x_wconf 89' lang='lat' dir='ltr'><strong>undis,</strong></span> 
     </span>
     <span class='ocr_line' id='line_1_33' title="bbox 280 3063 1047 3145; baseline 0.001 -19"><span class='ocrx_word' id='word_1_218' title='bbox 280 3063 373 3135; x_wconf 87' lang='lat' dir='ltr'><strong>Quam</strong></span> <span class='ocrx_word' id='word_1_219' title='bbox 397 3068 446 3127; x_wconf 90' lang='lat' dir='ltr'><strong>cui</strong></span> <span class='ocrx_word' id='word_1_220' title='bbox 469 3075 540 3126; x_wconf 89' lang='lat' dir='ltr'><strong>suut</strong></span> <span class='ocrx_word' id='word_1_221' title='bbox 562 3065 675 3127; x_wconf 87' lang='lat' dir='ltr'><strong>subitae</strong></span> <span class='ocrx_word' id='word_1_222' title='bbox 698 3068 790 3128; x_wconf 87' lang='lat' dir='ltr'><strong>frater</strong></span> <span class='ocrx_word' id='word_1_223' title='bbox 813 3077 844 3128; x_wconf 88' lang='lat' dir='ltr'><strong>et</strong></span> <span class='ocrx_word' id='word_1_224' title='bbox 865 3085 942 3128; x_wconf 75' lang='lat' dir='ltr'><strong>error</strong></span> <span class='ocrx_word' id='word_1_225' title='bbox 964 3085 1047 3145; x_wconf 80' lang='lat' dir='ltr'><strong>aves3</strong></span> 
     </span>
     <span class='ocr_line' id='line_1_34' title="bbox 237 3153 1058 3235; baseline 0.001 -22"><span class='ocrx_word' id='word_1_226' title='bbox 237 3153 416 3232; x_wconf 91' lang='lat' dir='ltr'><strong>Sollertique</strong></span> <span class='ocrx_word' id='word_1_227' title='bbox 438 3155 502 3214; x_wconf 84' lang='lat' dir='ltr'><strong>viro</strong></span> <span class='ocrx_word' id='word_1_228' title='bbox 515 3201 524 3235; x_wconf 98' lang='lat'><strong>,</strong></span> <span class='ocrx_word' id='word_1_229' title='bbox 549 3153 663 3214; x_wconf 90' lang='lat' dir='ltr'><strong>lacerae</strong></span> <span class='ocrx_word' id='word_1_230' title='bbox 686 3173 774 3232; x_wconf 93' lang='lat' dir='ltr'><strong>quem</strong></span> <span class='ocrx_word' id='word_1_231' title='bbox 798 3156 890 3216; x_wconf 84' lang='lat' dir='ltr'><strong>fracta</strong></span> <span class='ocrx_word' id='word_1_232' title='bbox 913 3162 1058 3216; x_wconf 88' lang='lat' dir='ltr'><strong>tenentem</strong></span> 
     </span>
     <span class='ocr_line' id='line_1_35' title="bbox 279 3240 1013 3304; baseline 0.003 -3"><span class='ocrx_word' id='word_1_233' title='bbox 279 3240 411 3302; x_wconf 84' lang='lat' dir='ltr'><strong>Membra</strong></span> <span class='ocrx_word' id='word_1_234' title='bbox 433 3244 505 3303; x_wconf 90' lang='lat' dir='ltr'><strong>ratis</strong></span> <span class='ocrx_word' id='word_1_235' title='bbox 529 3241 660 3302; x_wconf 90' lang='lat' dir='ltr'><strong>Semeles</strong></span> <span class='ocrx_word' id='word_1_236' title='bbox 683 3252 729 3303; x_wconf 88' lang='lat' dir='ltr'><strong>est</strong></span> <span class='ocrx_word' id='word_1_237' title='bbox 751 3244 890 3304; x_wconf 86' lang='lat' dir='ltr'><strong>miserata</strong></span> <span class='ocrx_word' id='word_1_238' title='bbox 913 3260 1013 3304; x_wconf 90' lang='lat' dir='ltr'><strong>soror.</strong></span> 
     </span>
     <span class='ocr_line' id='line_1_36' title="bbox 235 3327 1079 3410; baseline 0 -24"><span class='ocrx_word' id='word_1_239' title='bbox 235 3327 287 3389; x_wconf 91' lang='lat' dir='ltr'><strong>Vel</strong></span> <span class='ocrx_word' id='word_1_240' title='bbox 311 3338 384 3410; x_wconf 88' lang='lat' dir='ltr'><strong>tua,</strong></span> <span class='ocrx_word' id='word_1_241' title='bbox 406 3348 444 3390; x_wconf 90' lang='lat' dir='ltr'><strong>ne</strong></span> <span class='ocrx_word' id='word_1_242' title='bbox 467 3348 579 3409; x_wconf 90' lang='lat' dir='ltr'><strong>poenae</strong></span> <span class='ocrx_word' id='word_1_243' title='bbox 603 3348 697 3408; x_wconf 85' lang='lat' dir='ltr'><strong>genus</strong></span> <span class='ocrx_word' id='word_1_244' title='bbox 720 3329 776 3390; x_wconf 93' lang='lat' dir='ltr'><strong>hoc</strong></span> <span class='ocrx_word' id='word_1_245' title='bbox 800 3333 973 3408; x_wconf 87' lang='lat' dir='ltr'><strong>cognoverit</strong></span> <span class='ocrx_word' id='word_1_246' title='bbox 994 3344 1079 3404; x_wconf 91' lang='lat' dir='ltr'><strong>uuus,</strong></span> 
     </span>
     <span class='ocr_line' id='line_1_37' title="bbox 170 3415 943 3498; baseline 0.008 -24"><span class='ocrx_word' id='word_1_247' title='bbox 170 3425 221 3475; x_wconf 80' lang='lat'><strong>280</strong></span> <span class='ocrx_word' id='word_1_248' title='bbox 279 3415 399 3477; x_wconf 89' lang='lat' dir='ltr'><strong>Viscera</strong></span> <span class='ocrx_word' id='word_1_249' title='bbox 421 3418 545 3478; x_wconf 90' lang='lat' dir='ltr'><strong>diversis</strong></span> <span class='ocrx_word' id='word_1_250' title='bbox 569 3421 660 3478; x_wconf 91' lang='lat' dir='ltr'><strong>scissa</strong></span> <span class='ocrx_word' id='word_1_251' title='bbox 683 3418 816 3479; x_wconf 85' lang='lat' dir='ltr'><strong>serantur</strong></span> <span class='ocrx_word' id='word_1_252' title='bbox 839 3421 943 3498; x_wconf 85' lang='lat' dir='ltr'><strong>equis:</strong></span> 
     </span>
     <span class='ocr_line' id='line_1_38' title="bbox 238 3500 1009 3587; baseline 0.009 -27"><span class='ocrx_word' id='word_1_253' title='bbox 238 3500 288 3562; x_wconf 90' lang='lat' dir='ltr'><strong>Vel</strong></span> <span class='ocrx_word' id='word_1_254' title='bbox 312 3521 386 3580; x_wconf 87' lang='lat' dir='ltr'><strong>quae</strong></span> <span class='ocrx_word' id='word_1_255' title='bbox 409 3508 460 3582; x_wconf 90' lang='lat' dir='ltr'><strong>qui</strong></span> <span class='ocrx_word' id='word_1_256' title='bbox 483 3506 595 3566; x_wconf 89' lang='lat' dir='ltr'><strong>redemi</strong></span> <span class='ocrx_word' id='word_1_257' title='bbox 618 3505 749 3566; x_wconf 85' lang='lat' dir='ltr'><strong>Romano</strong></span> <span class='ocrx_word' id='word_1_258' title='bbox 772 3517 860 3585; x_wconf 86' lang='lat' dir='ltr'><strong>turpe</strong></span> <span class='ocrx_word' id='word_1_259' title='bbox 883 3507 1009 3587; x_wconf 87' lang='lat' dir='ltr'><strong>putavit,</strong></span> 
     </span>
    </p>
   </div>
   <div class='ocr_carea' id='block_1_3' title="bbox 0 0 1198 3892">
    <p class='ocr_par' dir='ltr' id='par_1_3' title="bbox 0 0 1198 3892">
     <span class='ocr_line' id='line_1_39' title="bbox 0 0 1198 3892; baseline 0 0"><span class='ocrx_word' id='word_1_260' title='bbox 0 0 1198 3892; x_wconf 95' lang='lat' dir='ltr'><strong> </strong></span> 
     </span>
    </p>
   </div>
  </div>
 </body>
</html>
