2386 3892
91 196 155 261 222
498 198 690 250 PASTORUM

90 393 342 461 nuncu-F
388 395 417 459 6.
439 392 497 458 FF
544 391 656 458 tito
698 392 813 459 8.Ηο
859 393 1094 460 9.AAGON

179 540 325 611 Quattuor
348 538 421 599 addc
446 538 509 598 dies
532 537 630 598 ductis
653 557 689 598 ex
707 537 810 597 ordine
834 537 945 619 Nonis,
996 576 1000 584 ·

222 627 310 687 lanus
333 626 455 705 Agonali
477 626 543 686 lucc
567 625 692 704 piandus
716 627 789 686 erit.

179 716 311 777 Nominis
335 733 400 775 esse
424 722 522 792 potest
544 717 714 774 succinctus
738 730 825 774 causa
848 716 1003 797 minister,

113 817 164 866 330
224 803 325 863 Hostia
349 802 503 864 caelitibus
527 820 585 880 quo
609 803 733 862 feriente
758 801 853 882 cadit,

179 893 237 964 Qui
260 891 353 951 calido
377 893 497 951 strictos
520 893 669 950 tincturus
692 893 834 968 sanguine
858 889 989 973 cultros,

223 980 346 1058 Semper
369 987 495 1058 agatne,
518 989 623 1058 rogat,
646 996 701 1038 nec
724 980 782 1038 nisi
804 981 905 1038 iussus
928 981 1004 1057 agit.

180 1067 265 1145 [Pars
278 1113 287 1147 ,
310 1068 379 1147 quia
402 1085 461 1127 non
484 1067 603 1126 veniant
626 1065 777 1147 pecudes,
801 1066 853 1126 sed
877 1076 1001 1145 agantur

724 1153 761 1214 ab
784 1162 869 1234 actu,

222 1243 334 1304 Nomen
358 1242 515 1321 Agonalem
540 1241 635 1303 credit
656 1241 766 1302 habere
790 1241 883 1304 diem.

113 1344 163 1394 325
188 1332 259 1393 Pars
282 1340 367 1412 putat
388 1331 444 1392 hoc
468 1332 577 1391 testum
600 1333 706 1410 priscis
729 1329 848 1408 Agnalia
871 1329 1000 1413 dictum,

223 1419 285 1480 Una
309 1423 347 1480 sit
370 1428 403 1480 ut
425 1422 546 1498 proprio
569 1418 667 1478 littera
690 1417 808 1497 dempta
831 1417 929 1496 loco.]

178 1508 245 1588 An,
269 1511 337 1586 quia
360 1509 510 1585 praevisos
532 1509 563 1567 in
586 1524 660 1584 aqua
684 1508 769 1566 timet
791 1505 887 1566 hostia
910 1506 1037 1588 cultros,

222 1597 245 1656 A
268 1599 385 1673 pecoris
408 1595 458 1656 lux
481 1601 528 1656 est
550 1597 614 1674 ipsa
636 1603 735 1655 notata
758 1590 866 1654 metu?

179 1684 235 1744 Fas
259 1686 368 1762 etiam,
391 1683 456 1742 fieri
479 1682 572 1742 solitis
596 1690 690 1743 aetate
713 1684 847 1761 priorum

112 1784 163 1834 330
221 1771 345 1830 Nomina
369 1770 404 1830 de
428 1769 505 1829 luidis
529 1770 639 1830 Graeca
663 1769 766 1831 tulisse
790 1769 886 1831 diem.

177 1858 215 1918 Et
237 1876 329 1937 pecus
352 1859 492 1935 antiquus
515 1857 631 1935 dicebat
654 1858 765 1936 Agonia
788 1875 905 1939 sermo,

221 1945 354 2024 Veraquc
378 1946 487 2006 iudicio
511 1952 557 2006 est
580 1945 681 2006 ultima
704 1963 791 2007 causa
814 1963 899 2006 meo.

178 2034 275 2112 thue
299 2052 333 2094 33
356 2052 415 2093 non
439 2041 519 2093 certa
543 2041 588 2093 333
600 2081 609 2112 ,
632 2035 673 2094 133
696 2051 749 2094 rex
771 2033 887 2112 placare
912 2051 1058 2096 sacrorum

222 2121 349 2182 Numina
371 2121 518 2200 lanigerae
542 2123 667 2200 coniuge
691 2120 779 2182 dehet
802 2122 881 2182 ovis.

111 2222 162 2272 335
177 2209 322 2290 Victima,
345 2227 420 2287 quae
444 2208 550 2269 cecidit
573 2209 675 2270 dextra
698 2211 820 2270 victrice
833 2255 842 2288 ,
866 2218 1002 2290 30333333

221 2296 363 2357 Hostibus
387 2316 403 2357 3
426 2297 544 2358 domitis
566 2297 663 2357 hostia
686 2315 792 2357 nomen
815 2296 921 2359 habet.

177 2387 252 2447 Ante
265 2433 274 2466 ,
298 2386 369 2446 deos
392 2385 505 2446 homiui
528 2385 606 2463 quod
630 2384 786 2445 conciliare
810 2385 939 2464 valeret,

221 2474 278 2534 Far
301 2482 365 2535 erat
388 2483 418 2535 33
440 2475 509 2552 puri
531 2472 627 2533 lucida
650 2475 725 2533 mica
749 2471 837 2533 salis.

177 2561 314 2622 Nondum
337 2561 501 2641 pertulerat
523 2560 687 2620 lacrimatas
711 2564 821 2621 cortice
845 2578 961 2621 murras

40 2679 45 2688 ·
111 2661 162 2709 340
220 2650 292 2710 Acta
315 2668 368 2728 per
392 2667 553 2727 aequoreas
576 2648 692 2727 hospita
715 2651 797 2708 navis
820 2667 928 2728 aquas3

177 2736 256 2796 Tura
280 2755 335 2797 nec
358 2736 547 2816 Euphrates,
570 2754 625 2797 nec
649 2739 768 2797 miserat
791 2735 873 2796 lntlia
896 2744 1025 2814 costum,

221 2823 282 2883 Nec
305 2824 423 2884 lucrant
445 2824 530 2885 rubri
552 2826 668 2903 cognita
691 2824 739 2885 fila
762 2827 859 2884 croci.

176 2911 233 2971 Ara
257 2910 343 2971 dabat
366 2912 462 2971 lumos
486 2912 586 2972 herbis
610 2919 749 2973 contenta
772 2911 906 2994 Sabinis,

221 2998 259 3059 Et
283 3017 341 3059 non
366 3000 471 3077 exiguo
495 2999 596 3060 laurus
620 3000 723 3061 adusta
746 3017 837 3060 sono.

111 3100 162 3148 345
178 3087 279 3167 Siquis
302 3096 386 3168 crat,
409 3088 494 3147 lactis
518 3090 594 3166 prati
617 3087 654 3148 de
676 3088 750 3148 llore
774 3089 892 3148 coronis

222 3176 279 3247 Qui
303 3184 403 3254 posset
426 3175 516 3235 violas
540 3175 669 3256 addere,
693 3176 774 3236 dives
798 3183 881 3235 erat.

176 3262 253 3343 llic,
277 3266 328 3342 qui
351 3283 430 3324 nunc
454 3265 549 3342 aperit
571 3266 706 3342 percussi
729 3266 842 3323 viscera
865 3264 959 3342 tauri,

221 3350 252 3409 ln
278 3354 369 3411 sacris
393 3351 505 3412 nullum
529 3352 625 3412 culter
648 3350 774 3411 habebat
798 3369 889 3430 opus.

177 3437 274 3497 Prima
298 3439 388 3499 Ceres
411 3440 509 3500 avidae
534 3442 630 3518 gavisa
654 3447 699 3499 333
722 3441 863 3516 sauguine
888 3454 1008 3517 porcae,

111 3535 161 3584 300
220 3523 286 3584 11133
309 3543 377 3585 suas
400 3529 506 3587 merita
530 3527 619 3587 caede
642 3529 776 3587 nocentis
800 3544 889 3605 opes.
