2386 3892
90 173 154 239 318
495 173 687 226 rnsronun

178 338 263 420 lbat,
285 346 320 400 ut
343 337 460 399 Oceano
485 346 661 416 quereretur
684 338 760 398 lacta
783 340 900 419 mariti,

222 426 341 487 Restitit
365 425 400 485 ad
424 434 541 486 nostras
564 427 643 486 iessa
665 424 765 486 labore
788 426 887 489 iores.

112 514 271 585 sartonam
295 513 382 575 simul
406 516 528 593 aspexi,
552 508 650 592 “quid
674 521 725 588 te,
750 512 889 574 Saturnia
903 508 938 591 ,⁹⁹
963 514 1020 575 dixi

222 596 407 662 “luriunt”
432 603 575 680 exponit,
600 618 688 679 quem
711 609 814 682 petat,
837 601 887 662 illa
911 601 1023 684 locum,

177 690 296 751 Addidit
319 697 349 750 et
371 708 512 750 causam.
553 688 651 750 verbis
674 687 790 749 solabar
813 691 933 751 amicis.

222 773 344 839 “Non''
368 781 466 857 inquit
489 772 615 838 “verbis
639 795 711 838 cura
733 776 854 838 levanda
878 794 944 838 mea
968 787 1025 840 est.

179 867 211 926 Si
234 874 318 946 pater
342 875 387 927 est
409 867 505 926 iactus
529 864 662 943 neglecto
687 860 821 944 coniugis
844 883 903 927 usu

112 968 163 1016 240
222 955 355 1033 luppiter'
368 1001 377 1034 ,
400 963 430 1015 et
454 953 533 1014 solus
557 971 664 1014 nomen
688 960 849 1032 utrumque
872 961 973 1034 tenet,

178 1042 237 1104 Cur
261 1059 314 1121 ego
338 1041 493 1120 desperem
517 1041 582 1101 beri
605 1043 669 1101 siue
693 1042 819 1119 coniuge
841 1049 956 1122 mater,

221 1129 259 1190 Et
281 1147 386 1208 parere
409 1131 542 1208 intacto,
565 1128 723 1190 dummodo
747 1139 850 1212 casta,
874 1127 965 1191 viro?

177 1218 282 1279 Omnia
305 1215 453 1296 temptabo
477 1216 543 1277 latis
566 1216 759 1278 medicamina
774 1219 890 1297 terris,

221 1306 259 1367 Et
281 1307 356 1366 heta
379 1304 537 1365 Tartareos
560 1307 767 1385 excutiamque
790 1298 921 1366 sinus.''

111 1407 162 1456 nea
178 1395 239 1456 Vox
263 1397 379 1455 eratin
403 1411 516 1454 cursu:
548 1391 660 1454 voltum
683 1392 844 1454 dubitantis
868 1392 1026 1455 habebam.

222 1478 354 1544 “Nescio
379 1482 472 1562 quid,
496 1482 644 1561 nymphe,
668 1499 755 1560 posse
779 1475 915 1542 rideris''
941 1484 997 1543 ait.

177 1571 236 1632 'Fer
259 1571 338 1631 volui
360 1573 532 1650 promittere
557 1587 664 1648 opem,
692 1577 739 1629 ter
766 1568 866 1647 lingua
893 1576 1008 1631 reteuta
1029 1577 1080 1630 est:

221 1658 267 1719 lra
290 1658 366 1718 lovis
390 1661 488 1737 magni
512 1675 599 1718 causa
623 1659 737 1717 timoris
761 1665 841 1717 erat.

178 1741 262 1806 “Fer
275 1793 284 1825 ,
307 1763 434 1825 precor,
459 1740 645 1806 auxilium!''
669 1745 742 1805 dixit
766 1739 940 1806 “celabitur
963 1740 1080 1808 auctor''

111 1846 162 1893 too
222 1833 259 1893 Et
283 1832 398 1911 Stygiae
423 1851 532 1893 numen
557 1833 731 1893 testificatur
754 1850 864 1912 aquae.

178 1916 291 1990 “erod
310 1922 405 2000 petis,
422 1916 561 1980 Oleniis''
581 1924 701 2001 iuquam
720 1915 817 1980 “mihi
836 1922 945 1982 missus
964 1921 1000 1982 ab
1017 1924 1081 1982 arvis

221 2007 288 2067 Flos
313 2007 414 2067 dabit:
447 2016 492 2069 est
515 2008 609 2070 hortis
633 2011 739 2069 unicus
762 2007 812 2068 illo
835 2010 927 2070 meis.

177 2095 235 2166 Qtri
258 2093 367 2176 dabat,
391 2090 526 2155 “‘hocm
550 2096 623 2159 dixit
647 2092 820 2157 “‘sterilem
843 2113 964 2176 quoque
986 2106 1065 2176 tange

722 2186 894 2266 iuvencam,
992 2255 993 2258 Ἴ

221 2271 312 2332 Mater
337 2273 394 2332 erit
407 2266 455 2332 :'''
488 2275 594 2352 tetigi,
616 2289 672 2333 nec
695 2274 807 2352 mora,
822 2281 918 2334 mater
942 2281 1004 2335 erat
1013 2268 1042 2335 .''

111 2370 161 2420 255
178 2359 316 2419 Protinus
340 2359 511 2420 haerentem
535 2359 669 2438 decerpsi
692 2359 798 2438 pollice
821 2360 944 2443 liorem5

221 2446 385 2527 Tangitur,
410 2457 440 2509 et
462 2455 540 2507 tacto
564 2450 693 2525 concipit
715 2447 764 2508 illa
788 2450 873 2510 siuu.

176 2535 295 2614 lamque
320 2538 415 2614 gravis
438 2534 573 2595 Thracen
598 2544 628 2596 et
650 2535 730 2596 laeva
752 2534 951 2615 Propontidos
973 2540 1073 2617 intrat,

221 2622 327 2703 Fitque
351 2632 457 2702 potens
480 2625 540 2683 voti
553 2668 562 2702 ,
586 2622 722 2702 Marsque
746 2633 864 2684 creatus
888 2634 969 2687 erat.

177 2710 233 2779 Oui
258 2728 370 2771 memor
394 2713 507 2790 accepti
529 2729 583 2789 per
607 2728 653 2770 me
677 2711 780 2772 natalis
804 2707 940 2773 “habeto
1038 2725 1085 2777 (1⁶⁹)

111 2810 162 2860 260
221 2796 266 2857 Tu
289 2817 407 2876 quoque
430 2794 599 2859 Romulea''
624 2798 697 2859 dixit
721 2795 779 2860 “in
802 2798 877 2860 urhe
900 2796 1043 2863 locum.''

177 2885 312 2945 Forsitan
336 2887 367 2944 in
391 2889 502 2946 teneris
526 2895 639 2948 tantum
663 2905 727 2949 mea
750 2905 841 2966 regna
864 2891 984 2950 coronis

219 2973 292 3034 Esse
316 2969 433 3052 putes?
464 2977 557 3052 tangit
580 2993 689 3036 numen
713 2983 743 3036 et
766 2993 833 3036 arva
857 2993 975 3038 meum.

177 3063 209 3124 Si
232 3062 307 3123 bene
331 3061 487 3122 floruerint
510 3070 648 3142 segetes,
672 3065 729 3123 erit
752 3080 821 3124 area
842 3063 944 3127 dives:

222 3151 254 3211 Si
277 3149 351 3210 bene
376 3149 511 3210 lloruerit
534 3152 639 3230 vinea,
663 3149 796 3211 Bacchus
820 3153 894 3232 erit,

110 3250 160 3299 aot
176 3239 208 3299 Si
231 3238 307 3299 bene
330 3238 486 3298 floruerint
508 3237 611 3319 oleae,
635 3239 829 3299 nitidissimus
852 3256 966 3322 annus3

219 3326 368 3404 Pomaque
391 3334 566 3405 proventum
589 3329 730 3405 temporis
754 3326 842 3389 huius
865 3327 992 3390 habent.

176 3412 261 3474 Flore
286 3414 376 3474 semel
399 3415 478 3475 laeso
502 3423 629 3493 pereunt
651 3416 802 3494 viciaeque
826 3414 988 3498 fabaeque,

219 3499 257 3560 Et
280 3510 406 3578 pereunt
429 3501 541 3581 lentes,
565 3502 675 3563 advena
697 3502 780 3582 Nile,
803 3511 888 3566 tuae.
