2386 3892
191 168 256 233 244
597 169 788 221 3131331111

279 334 383 395 Cetera
406 339 598 412 temptantem
622 330 721 393 cubito
744 332 916 412 Tirynthius
938 333 1027 395 heros

214 434 265 483 350
324 421 484 498 Reppulit:
517 439 533 479 3
557 438 671 480 summo
695 420 804 480 decidit
826 419 874 480 ille
898 431 982 483 toro.

279 508 327 568 Fit
350 526 462 588 sonus,
485 506 622 567 inclamat
647 511 769 567 comites
792 516 822 568 et
845 508 954 568 lumina
977 511 1074 586 poscit

323 595 471 655 Maeonis:
502 595 600 654 inlatis
623 595 740 672 ignibus
763 602 826 654 acta
850 602 969 674 patent.

279 682 331 742 1113
354 686 444 761 gemit
466 682 543 742 lecto
566 685 694 761 gnaviter
717 683 849 743 deiectus
872 682 908 742 ab
932 682 1008 764 alto,

323 770 511 847 Membraque
535 769 572 829 de
595 770 668 829 dura
691 773 737 829 vix
762 788 814 830 sua
837 770 913 831 tollit
936 770 1043 832 humo.

214 859 368 920 3351111131
391 866 421 918 et
442 857 559 917 Alcides
582 866 612 917 et
635 860 686 935 qui
709 857 809 917 videre
832 859 995 937 iacentem,

322 946 410 1005 Ridet
432 952 591 1004 amatorem
614 944 693 1022 Lyda
716 945 813 1023 puella
836 963 941 1006 suum.

278 1033 366 1093 Veste
389 1033 463 1093 deus
487 1033 570 1092 lusus
594 1031 727 1093 fallentes
750 1033 860 1093 lumina
885 1041 981 1094 restes

321 1121 386 1180 Non
409 1130 508 1199 amat,
531 1126 561 1179 31
583 1120 679 1179 nudos
702 1121 737 1180 ad
761 1139 815 1181 sua
838 1138 921 1182 sacra
944 1127 1044 1182 vocat.

279 1207 359 1268 Adde
383 1210 548 1286 peregrinis
572 1225 675 1268 causas
688 1255 697 1287 ,
720 1225 784 1267 mea
807 1207 911 1290 illusa,
935 1208 1069 1287 Latinas,
1144 1220 1179 1267 oo)

214 1308 265 1356 361
323 1295 415 1373 Inque
440 1314 493 1355 suo
517 1305 618 1355 noster
641 1294 761 1375 pulvere
785 1303 886 1356 currat
908 1313 1020 1375 equus.

279 1383 437 1461 Cornipedi
461 1383 560 1443 Fauno
584 1400 668 1443 caesa
691 1384 727 1442 de
750 1396 833 1444 more
856 1383 966 1471 capella

324 1471 410 1532 Venit
432 1469 468 1530 ad
491 1474 611 1548 exiguas
634 1470 720 1530 turba
743 1479 844 1531 vocata
867 1471 974 1550 dapes.

213 1606 215 1608 .
279 1558 413 1635 Dumque
437 1559 606 1618 sacerdotes
629 1558 748 1618 veribus
771 1567 905 1619 transuta
928 1557 1046 1637 salignis

324 1646 396 1705 Exta
419 1654 545 1726 parant,
567 1645 679 1705 medias
701 1645 762 1706 sole
786 1654 906 1706 tenente
928 1649 1007 1725 vias,

213 1745 264 1794 335
279 1733 421 1792 Romulus
445 1743 475 1792 et
498 1735 589 1792 irater
611 1733 824 1812 pastoralisque
847 1737 985 1795 iuventus

323 1819 441 1879 Solibus
465 1829 495 1880 et
517 1838 619 1897 campo
643 1838 767 1898 corpora
790 1821 868 1881 nuda
891 1821 1015 1881 dabant.

281 1907 447 1983 [Caestibus
471 1916 501 1967 et
522 1908 624 1967 iaculis
647 1915 678 1967 et
700 1911 790 1968 misso
813 1907 944 1987 pondere
967 1909 1029 1968 3311

323 1994 444 2053 Bracbia
468 2012 521 2072 per
545 1995 627 2054 lusus
650 1996 828 2073 experienda
850 1994 990 2071 dabantt]

279 2081 383 2141 Pastor
406 2081 442 2141 ab
466 2080 582 2141 excelso
607 2078 676 2161 ‘per
698 2082 781 2142 devia
804 2100 874 2143 rura
897 2085 1037 2143 iuvencos

214 2182 265 2230 311
323 2169 469 2249 Romule,
491 2168 677 2250 praedones,
700 2177 731 2229 et
753 2169 843 2230 Reme
858 2165 882 2230 1'
906 2170 980 2231 dixit
1002 2164 1135 2248 ‘agunt'

279 2256 412 2335 Longum
436 2267 499 2317 erat
521 2260 645 2317 armari:
678 2256 801 2317 diversis
824 2259 885 2318 exit
907 2267 1034 2336 uterque

322 2345 482 2425 Partibus,
506 2362 633 2404 occursu
656 2345 763 2421 praeda
785 2353 905 2424 recepta
927 2344 1029 2405 Remi.

279 2431 318 2493 Ut
340 2433 449 2512 rediit,
473 2431 592 2492 veribus
615 2431 769 2492 stridentia
791 2432 920 2493 detrabit
943 2439 1028 2512 exta,

322 2521 418 2599 litque
442 2523 482 2580 ait
506 2516 593 2579 ‘haec
617 2528 697 2579 33113
720 2537 779 2578 131
803 2521 861 2579 1131
883 2523 978 2580 victor
1001 2513 1102 2580 edet.'

213 2621 264 2669 313
280 2608 362 2668 Dicta
385 2609 476 2686 lacit,
499 2607 639 2685 Fabiique
663 2606 772 2668 simul.
814 2609 894 2668 venit
915 2609 1024 2667 inritus
1046 2607 1112 2668 illuc

324 2695 468 2755 Romulus
481 2742 491 2774 ,
514 2703 544 2754 et
566 2711 683 2754 mensas
706 2713 830 2772 ossaque
854 2694 933 2754 nuda
955 2684 1052 2756 vide't.

281 2782 378 2862 Risit,
401 2792 430 2841 et
453 2783 578 2842 indoluit
600 2782 705 2842 Fabios
728 2785 861 2861 potuisse
884 2781 1069 2861 Remumque

324 2869 469 2947 Vincere,
493 2870 649 2939 Quintilios
673 2888 732 2930 non
755 2872 888 2948 potuisse
911 2887 999 2931 suos.

279 2956 366 3016 Fama
391 2965 488 3015 manet
511 2958 601 3017 lacti.
642 2960 738 3035 posito
762 2959 904 3017 velamine
927 2965 1070 3037 currunt,

214 3055 266 3105 380
324 3042 361 3104 Et
384 3061 543 3122 memorem
567 3043 673 3104 lamam
696 3045 774 3122 qnod
797 3045 873 3104 bene
897 3047 1009 3123 cessit,
1031 3044 1126 3104 habet.

280 3131 415 3192 Forsitan
440 3141 469 3191 et
493 3150 638 3211 quaeras,
662 3150 716 3192 cnr
739 3135 778 3194 sit
801 3133 883 3192 locus
906 3132 956 3192 ille
980 3130 1131 3212 Lupercal,

325 3220 441 3289 Quaeve
465 3219 542 3279 diem
566 3220 616 3278 tali
640 3222 756 3280 nomine
780 3238 868 3280 causa
891 3227 992 3283 notet.

281 3306 367 3366 Silvia
392 3305 516 3366 Vestalis
539 3307 675 3367 caelestia
698 3309 809 3367 semina
833 3315 919 3385 partu

324 3393 484 3472 Ediderat,
506 3404 612 3471 patruo
636 3412 726 3472 regna
749 3405 868 3455 tenente
892 3413 965 3456 suo.

189 3557 192 3564 Δ
215 3491 267 3539 331
281 3479 309 3538 13
332 3480 415 3539 iubet
437 3482 547 3541 auferri
570 3499 675 3559 parvos
699 3489 729 3540 et
751 3484 781 3540 in
805 3500 890 3543 amne
913 3484 1031 3544 1133311.
