2386 3892
94 163 197 220 XXXX

94 351 121 390 v.
152 333 223 390 143.
278 347 330 390 ars
357 332 420 388 erat
445 329 499 387 itta
525 327 717 402 interpretor:
745 326 820 384 illud
847 326 927 402 quod
954 345 1035 400 super

63 467 67 475 i
94 437 151 493 ars,
174 419 229 476 hoo
252 420 308 493 est,
331 415 478 475 artifionm
497 413 672 474 Cureneinm
694 415 788 489 labor,
811 417 846 472 ut
864 417 911 473 est
929 414 1015 473 Pont.

94 520 106 563 1
135 509 190 582 29,
217 505 283 564 ntt.
339 509 415 564 artes
442 503 500 562 diei
528 504 624 563 solent
651 502 730 577 apud
756 503 878 577 latinae,
912 501 965 560 eod
991 500 1035 575 τέ]

94 589 234 668 τέχνημα
259 592 359 668 graeei
384 595 498 668 poetae.
616 585 678 650 158
702 601 834 651 SEOUTA
857 601 974 648 VIGEM.
1028 592 1035 647 l

95 686 191 741 serata
223 684 327 740 aaran.
440 675 502 738 391
536 690 697 738 Hosr1r10
730 691 895 738 mnernn.
949 677 1019 735 libri

93 771 179 842 spillo
201 771 342 836 iaaeaeaa
366 785 441 845 quae
460 767 596 827 Heraufie
619 770 702 826 aetas
721 767 901 842 quamquam
919 764 951 823 Π
970 767 1034 824 305

93 856 222 933 dicatur,
253 875 313 915 non
339 857 497 916 videbatur
524 855 680 915 convenire
708 854 915 930 appellationi,
946 873 1022 930 quae

94 944 179 1003 adest
200 963 247 1004 vv.
264 947 326 1005 388
343 945 415 1004 394.
471 962 504 1003 ao
526 943 645 1003 videtur
667 942 829 1017 hospitium
851 941 998 1000 traditum
1020 942 1035 999 il

94 1031 252 1092 Chironem
275 1036 306 1092 et
328 1033 488 1091 Herculem
511 1031 671 1091 secundnm
694 1030 841 1090 Theocrit.
865 1043 915 1089 vl1
940 1032 1017 1104 149,

94 1121 183 1180 schol⁴
207 1120 293 1180 ποιεῖ
315 1118 351 1179 δὲ
374 1117 431 1180 τὸν
452 1115 594 1194 Χείρωνα
618 1113 916 1192 (υναποδεχόμενον
935 1119 981 1197 τῷ
1001 1115 1035 1178 a«

92 1205 150 1268 τὸν
173 1203 339 1283 Ἡρακλέα,
364 1211 394 1267 et
416 1207 556 1268 Philostr.
578 1206 649 1265 Her.
672 1226 700 1281 p.
725 1209 802 1281 308,
827 1209 868 1266 20
892 1205 985 1282 Kaye.
1010 1208 1035 1264 θι

92 1296 157 1357 Ζειν
189 1293 224 1356 δὲ
257 1293 308 1356 καὶ
339 1291 494 1370 Ἡρακλέα
525 1295 571 1374 τῷ
600 1289 748 1369 Χείρωνι,
781 1288 835 1355 ὅτε
868 1291 908 1368 μὴ
941 1288 1035 1365 ἀπάγι

93 1380 192 1444 αὐτὸν
215 1379 245 1444 οἱ
268 1377 368 1444 attor.

181 1466 406 1532 LIB.V140
436 1484 459 1530 Α
485 1483 602 1531 nanno
633 1483 770 1530 nonina
801 1482 913 1530 narse
944 1482 1035 1529 rann

94 1559 198 1618 obelus
229 1559 382 1635 ponendus
417 1563 494 1634 erat,
527 1559 552 1618 ei
578 1559 786 1632 interpretatio
813 1559 897 1617 nulia
925 1561 1035 1634 suppet

92 1650 212 1721 praeter
234 1649 389 1722 vulgarem
411 1650 442 1705 et
464 1649 599 1705 veterum
617 1646 868 1721 scholasticorum,
892 1665 965 1722 quae
985 1646 1035 1705 ads

94 1733 142 1809 psi
160 1734 193 1792 in
212 1733 257 1793 ed.
271 1734 365 1792 Reim.
417 1733 513 1810 quivis
531 1734 641 1792 mensis
655 1733 793 1810 Lucinae,
813 1751 888 1811 quae
906 1734 988 1793 lnaes
1007 1734 1035 1792 dr

94 1821 184 1881 debet
207 1821 328 1898 aliquid,
351 1823 386 1880 ut
408 1841 436 1882 v.
461 1824 500 1880 79
526 1823 579 1897 eet,
602 1840 709 1881 nomen
731 1822 814 1881 feeit:
838 1840 874 1880 ea
894 1822 1016 1880 nomina

92 1909 151 1968 nisi
173 1910 210 1968 ab
234 1928 292 1968 uno
316 1908 371 1968 dea
388 1904 465 1968 velit
482 1911 602 1977 trahere,
620 1914 701 1985 puta,
724 1911 876 1985 retrahere,
898 1913 935 1968 ut
954 1913 1035 1983 esta

94 1996 232 2056 Tacitum
248 1997 324 2055 Ann.
338 1997 414 2055 XIII
429 1999 469 2056 23
484 1999 644 2057 obh'tterata
661 2000 772 2057 aerarr'r'
788 2000 908 2058 aomina
924 1999 1035 2062 retrahe

93 2084 174 2160 apud
200 2084 374 2144 Terentium
401 2084 509 2145 Heaut.
538 2087 600 2145 678
635 2087 779 2145 retrahere
806 2084 986 2160 (firptte‘rara)
1009 2105 1035 2159 ρ

92 2175 191 2244 atara·
214 2174 326 2232 trahere
348 2174 481 2233 deearaas
503 2174 583 2249 apud
606 2171 776 2232 Ciceronem
798 2173 884 2234 Verr.
906 2173 955 2232 HI
979 2177 1035 2232 227

93 2260 179 2319 libris
202 2260 390 2336 quibusdam
414 2263 577 2321 contrahere
593 2265 750 2336 porratam
773 2262 846 2320 satis
869 2264 1002 2338 vulgare.

96 2343 158 2407 178
190 2359 339 2409 menaea
371 2360 461 2408 anan
496 2362 614 2411 annae.
667 2349 741 2408 nihil
773 2350 873 2409 sanius
905 2351 961 2409 hoo
999 2369 1033 2408 ve

95 2437 177 2495 tettae
200 2439 246 2495 eet
269 2455 344 2513 quae
367 2440 435 2513 poet
457 2456 549 2514 aquas
575 2440 651 2512 173,
675 2455 776 2497 aerem
801 2439 876 2511 175,
903 2439 948 2496 ita
970 2456 1034 2496 eom

93 2524 237 2583 morando
259 2528 333 2602 erat,
355 2528 391 2584 ut
413 2524 500 2585 Pont.
522 2526 537 2583 I
559 2528 615 2585 xil
641 2525 723 2600 anat
743 2543 832 2593 mare,
855 2527 931 2599 qaod
953 2527 1034 2586 tellas

94 2641 136 2651 -
164 2614 239 2685 qaod
265 2615 367 2674 retreat
388 2630 452 2690 aer,
481 2613 552 2671 Met.
579 2612 656 2670 VIII
680 2615 744 2672 830
771 2615 846 2688 qaod
866 2619 990 2687 poetas,
1021 2633 1035 2687 a

95 2703 183 2775 terra,
205 2703 280 2773 qaod
302 2702 404 2760 edaoat
426 2717 484 2759 aer.
518 2717 575 2758 ee
598 2706 672 2768 arte,
694 2701 821 2777 horest,
841 2701 920 2777 olim,
945 2704 979 2759 ut
998 2701 1035 2759 l:

87 2783 171 2844 ‘Arate
193 2787 259 2847 deos
280 2787 388 2847 herniae?
410 2788 483 2862 rell,
505 2787 541 2844 V*
554 2790 615 2848 198
633 2791 790 2863 fortunatis
813 2794 878 2849 ante
900 2791 993 2862 faisse
1014 2809 1035 2847 a

93 2872 138 2930 VI
160 2875 222 2933 265
247 2892 320 2947 qaae
340 2892 417 2934 aare
442 2881 550 2944 maaet,
579 2881 645 2936 ante
669 2879 773 2952 faisse,
804 2895 839 2936 ea
870 2877 965 2955 igitur
994 2895 1035 2952 eal

93 2961 297 3038 nndeeumque
323 2962 403 3022 ferae
429 2962 461 3021 in
487 2965 635 3040 leporario
661 2963 693 3023 et
725 2960 935 3039 napahetcoac
965 2966 1035 3024 mise

92 3049 145 3107 ubi
168 3050 328 3109 alerentur.
439 3046 503 3110 316
530 3063 736 3124 sanarique
760 3065 837 3112 aaa.
891 3053 962 3112 libri
981 3053 1035 3112 Sta

93 3154 147 3210 qae
169 3143 239 3212 erat,
262 3137 410 3198 locutione
433 3139 611 3199 inconcinna.
667 3141 758 3199 ettam
781 3140 892 3200 Seneca
914 3141 992 3216 Epp.
1007 3141 1035 3198 X]

92 3237 119 3282 11
148 3226 188 3285 23
211 3235 345 3301 ponera,
360 3244 443 3300 quern
462 3230 561 3302 primo
592 3230 665 3288 aaa
691 3229 804 3288 calidae
830 3233 856 3288 et
881 3230 998 3302 ferreres
1024 3233 1034 3286 l

89 3316 225 3390 perooar't,
248 3312 322 3374 Oeta
344 3314 381 3373 de
404 3334 427 3374 r.
451 3334 474 3375 r.
497 3327 604 3375 lxxvi
627 3318 940 3393 heraeticorum,
964 3318 1035 3390 calfo

93 3402 161 3460 berre
179 3406 204 3461 et
221 3407 329 3462 tertam.
375 3403 426 3462 sed
443 3402 535 3463 fiebat
552 3404 583 3462 id
600 3423 654 3480 per
673 3421 763 3479 eram,
786 3408 964 3479 matronam,
988 3404 1030 3464 uti

91 3507 138 3547 vv.
164 3491 225 3551 531
252 3492 324 3552 532.
436 3486 500 3550 349
520 3503 655 3551 nonina
675 3504 771 3564 onan
789 3505 903 3552 rnaro
924 3504 1035 3553 canan:
