2386 3892
92 198 132 260 12
509 198 679 252 TRISTIUM

177 364 338 425 Fortunam
361 372 513 444 praestent
536 362 767 443 dissimilemque
790 382 890 425 meae.

179 450 211 511 Si
234 459 333 512 tamen
356 451 428 512 haec
451 454 533 512 navis
548 461 643 512 -vento
667 453 798 513 ferretur
821 453 933 533 amico,

178 538 370 617 Ignoraretur
393 540 516 600 forsitan
539 541 595 600 ista
618 539 709 601 tides.

178 626 293 687 Thesea
316 626 466 688 Pirithous
489 646 549 687 non
573 635 632 687 tam
656 629 799 688 sensisset
822 628 967 708 amicum,

131 726 164 775 20
180 714 212 774 Si
234 733 294 774 non
317 715 449 775 infernas
471 717 555 775 vivus
579 715 690 776 adisset
712 732 819 793 aquas.

179 801 218 862 Ut
241 802 319 863 loret
342 801 508 882 exemplum
532 805 594 862 veri
617 802 752 863 Phoceus
776 804 903 884 amoris,

178 889 328 950 Fecerunt
350 892 466 972 iuriae,
490 892 585 950 tristis
608 889 736 971 Oresta,
758 897 845 950 tuae.

180 977 211 1036 Si
234 996 294 1038 non
317 977 462 1058 Euryalus
485 978 611 1039 Rutulos
634 978 791 1038 cecidisset
813 979 845 1038 in
869 976 989 1059 hostes,

180 1064 354 1144 Hyrtacidae
377 1066 442 1126 Nisi
465 1065 557 1144 gloria
581 1065 661 1126 nulla
684 1067 779 1126 loret.

131 1164 164 1212 25
180 1152 301 1214 Scilicet
323 1163 357 1214 ut
379 1153 491 1214 lrrlvum
515 1161 666 1234 spectatur
689 1156 719 1214 in
742 1153 861 1232 ignibus
884 1170 1008 1234 aurum,

179 1241 325 1322 Tempore
348 1244 392 1303 sic
416 1241 491 1302 duro
515 1250 562 1302 est
583 1242 766 1321 inspicienda
790 1241 880 1302 tides.

177 1327 253 1389 Ilum
276 1333 357 1390 iuvat
380 1338 411 1390 et
433 1329 516 1391 vultu
539 1329 617 1390 ridet
640 1329 771 1391 Fortuna
794 1346 921 1410 sereno,

177 1416 354 1478 lndelibatas
378 1427 484 1478 cuncta
508 1424 675 1496 sequuntur
699 1434 788 1497 opes:

177 1505 216 1566 tt
238 1505 326 1566 simul
348 1507 500 1585 intonuit,
523 1505 663 1587 lugiunt,
685 1524 741 1566 nec
765 1506 898 1565 noscitur
922 1504 992 1585 ulli,

129 1605 163 1653 30
178 1592 352 1671 Agminibus
376 1594 517 1653 comitum
541 1595 591 1671 qui
614 1592 701 1653 modo
725 1594 841 1654 cinctus
865 1600 945 1654 erat.

177 1680 273 1759 Atque
296 1679 392 1760 hacc,
415 1678 557 1758 exemplis
581 1681 729 1759 quondam
753 1679 876 1742 collecta
898 1683 1051 1761 priorum,

177 1767 263 1828 Nunc
287 1766 360 1827 milri
383 1776 452 1828 sunt
474 1771 604 1848 propriis
628 1771 744 1848 cognita
770 1787 839 1829 vera
862 1768 963 1830 malis.

177 1853 232 1915 Vix
255 1856 313 1915 duo
337 1864 435 1916 tresve
458 1855 531 1916 mihi
554 1856 590 1917 de
614 1864 659 1917 tot
681 1858 845 1935 superestis
869 1858 973 1939 amici3

178 1942 283 2004 Cetera
306 1942 477 2025 Fortunae,
500 1962 560 2004 non
583 1963 648 2005 mea
671 1944 757 2006 turba
781 1945 854 2005 luit.

130 2042 164 2092 35
180 2031 245 2102 Quo
269 2033 384 2113 magis,
408 2051 425 2092 o
448 2034 558 2112 pauci,
581 2032 672 2093 rebus
696 2034 862 2093 succurrite
885 2030 1013 2113 laesis„

177 2118 216 2180 Et
238 2119 304 2180 date
328 2120 480 2198 naufragio
503 2119 589 2180 litora
614 2128 676 2181 tuta
699 2138 784 2202 meo,

176 2207 256 2268 Neve
278 2216 360 2268 metu
384 2207 456 2268 lalso
481 2210 604 2269 nimium
628 2208 796 2288 trepidate,
819 2209 976 2288 timentes,

176 2294 237 2356 Hac
261 2295 427 2357 offendatur
449 2314 487 2357 ne
509 2299 618 2376 pietate
641 2295 733 2357 deus!

178 2381 271 2463 Saepe
295 2384 383 2444 iidem
406 2384 538 2445 adversis
561 2388 649 2445 etiam
672 2384 801 2445 laudarit
823 2385 855 2444 in
878 2385 985 2462 armis,

127 2483 162 2533 40
176 2471 270 2551 Inque
294 2474 357 2533 suis
380 2481 458 2533 amat
480 2473 556 2532 hanc
580 2471 709 2553 Caesar,
731 2474 763 2532 in
785 2472 870 2532 hoste
894 2470 1016 2551 probat.

177 2559 270 2621 Causa
294 2578 358 2621 mea
382 2568 427 2621 est
449 2560 556 2621 melior
569 2607 578 2640 ,
601 2562 652 2639 qui
676 2579 735 2620 non
759 2561 906 2621 contraria
929 2560 988 2619 lovi

176 2648 287 2728 Arma,
310 2650 362 2709 sed
385 2648 460 2710 hanc
485 2650 583 2708 merui
605 2647 793 2729 simplicitate
817 2648 933 2726 lugam.

176 2735 313 2812 lnvigiles
336 2738 428 2814 igitur
452 2738 561 2796 nostris
584 2754 638 2814 pro
663 2736 803 2818 casibus,
827 2753 899 2818 oro,

177 2822 314 2883 Demiuui
337 2826 422 2902 siqua
444 2826 574 2884 numinis
597 2825 642 2883 ira
664 2831 780 2903 potest.

128 2921 162 2971 45
178 2909 261 2971 Scire
286 2928 367 2971 meos
390 2929 476 2972 casus
500 2913 593 2989 siquis
617 2911 766 2971 desiderat
788 2913 902 2990 omnis,

178 2997 271 3077 Plus,
296 3017 383 3077 quam
407 2999 485 3078 quod
509 3000 574 3059 lieri
596 3017 646 3059 res
670 3001 762 3079 sinit,
784 2998 834 3059 ille
857 3000 949 3079 petit.

177 3086 234 3146 Tot
251 3085 326 3147 mala
345 3105 411 3148 sum
430 3104 558 3168 passus,
581 3095 656 3166 quot
673 3088 704 3147 in
723 3086 842 3148 aethere
863 3087 960 3147 sidera
977 3085 1084 3156 lucent,

176 3173 328 3254 Parvaque
352 3183 424 3254 quot
448 3177 545 3236 siccus
569 3192 694 3255 corpora
717 3175 812 3253 pulvis
836 3174 941 3235 hahet:

177 3262 326 3342 Multaque
351 3262 486 3324 credibili
508 3262 631 3324 tulimus
654 3265 786 3342 maiora,
810 3271 981 3342 ratamque,

129 3361 163 3410 50
178 3350 317 3420 Quamvis
341 3351 524 3430 acciderint,
547 3369 607 3410 non
629 3349 765 3412 habitura
788 3351 894 3412 fidem.

177 3437 250 3497 Pars
274 3440 361 3498 etiam
385 3438 528 3517 quaedam
551 3456 669 3499 mecum
690 3441 835 3500 moriatur
858 3446 993 3519 oportet,

177 3525 282 3604 Meque
306 3527 392 3587 velim
415 3528 511 3606 possit
533 3524 735 3586 dissimulante
758 3529 827 3605 tegi.
