2386 3892
422 184 470 235 m.
491 185 638 235 alc-686.
966 177 1030 243 277

160 345 307 407 Sustinuit
331 346 433 406 tacitas
457 347 594 405 conscius
617 346 711 405 amnis
735 362 842 425 aquas,

113 434 178 513 lpsa
202 434 283 513 loqui
305 434 365 494 visa
390 441 437 494 est
459 428 582 512 ‘placidi
601 451 666 493 sum
690 432 817 512 nympha
839 431 974 494 Numici:

158 524 250 582 Amne
274 539 405 600 perenne
428 519 522 581 latens
544 520 635 581 Anna
650 521 785 581 Perenna
808 515 929 581 vocor.'

64 623 98 671 55
112 611 253 670 Protinus
276 613 382 670 erratis
405 607 474 670 laeti
497 617 658 671 vescuntur
681 611 713 669 in
736 610 833 689 agris,

158 698 196 758 Et
219 697 370 758 celebrant
392 697 473 775 largo
496 714 620 775 remque
644 697 781 775 diemque
806 713 904 758 mero.

115 786 191 846 Sunt
215 786 323 864 quibus
346 786 419 845 haec
443 784 526 845 Luna
549 792 595 845 est
608 833 617 866 ,
647 787 716 864 quia
739 783 889 845 mensibus
912 783 1033 863 impleat

661 890 788 952 annum,

158 962 231 1021 Pars
254 961 402 1042 Themin,
425 961 572 1021 Inachiam
594 978 664 1040 pars
686 967 771 1039 putat
794 977 860 1020 esse
882 958 1006 1021 bovem.

113 1050 270 1130 lnvenies,
294 1052 344 1128 qui
368 1059 395 1110 te
420 1050 568 1128 nymphen
591 1047 737 1110 Atlantida
761 1047 877 1129 dicant,

66 1151 99 1200 60
158 1137 259 1215 Teque
283 1137 344 1197 lovi
367 1139 479 1216 primos
492 1183 500 1216 ,
524 1137 606 1196 Anna
619 1184 628 1217 ,
652 1137 768 1197 dedisse
793 1135 893 1197 ciboS.

114 1225 192 1285 llaec
218 1243 359 1305 quoque,
382 1243 470 1304 quam
493 1224 642 1304 reseram,
665 1233 781 1285 nostras
804 1226 940 1302 pervenit
963 1224 998 1284 ad

661 1329 748 1372 aures

157 1399 267 1474 Fama,
291 1418 346 1460 nec
370 1418 385 1460 a
409 1402 472 1460 veri
494 1398 617 1460 dissidet
640 1399 688 1459 illa
711 1399 787 1461 fide.

114 1487 203 1548 Plebs
228 1497 312 1549 vetus
336 1497 366 1548 et
389 1487 478 1548 nullis
502 1490 662 1548 etiamtunc
685 1494 749 1548 tuta
772 1485 900 1548 tribunis

158 1576 268 1655 Fugit,
292 1586 322 1636 et
344 1579 375 1636 in
400 1575 483 1636 Sacri
505 1577 616 1636 vertice
640 1578 748 1636 montis
772 1583 855 1654 eget.

66 1678 99 1727 05
114 1663 174 1724 lam
200 1682 339 1744 quoque,
364 1682 452 1742 quern
476 1681 578 1724 secum
601 1663 751 1744 tulerant,
773 1664 921 1725 deiecerat
943 1662 1009 1725 illos

160 1752 259 1812 Victus
283 1761 314 1812 et
336 1752 472 1812 humanis
496 1750 599 1813 usibus
623 1760 689 1831 apta
712 1751 819 1813 Ceres.

115 1838 186 1899 Orta
210 1839 386 1900 suburbanis
410 1840 552 1918 quaedam
576 1841 631 1901 luit
654 1841 736 1900 Anna
759 1840 900 1921 Bovillis,

159 1926 296 2006 Pauper,
319 1929 372 1988 sed
395 1929 521 1988 mundae
545 1927 709 1988 sedulitatis
732 1946 823 1989 anus.

115 2013 166 2074 llla
179 2063 188 2093 ,
211 2015 267 2074 levi
290 2018 377 2076 mitra
401 2033 489 2076 canos
513 2016 649 2076 redimita
672 2014 810 2097 capillos,

62 2116 99 2165 ¹⁷0
159 2102 302 2181 Fingebat
326 2103 449 2163 tremula
473 2105 584 2165 rustica
607 2103 665 2164 liba
687 2122 795 2184 manu,

113 2190 210 2268 Atque
234 2194 274 2249 ita
297 2208 350 2268 per
370 2189 515 2268 populum
538 2191 680 2252 fumantia
702 2198 787 2252 mane
811 2190 923 2252 solebat
1026 2249 1029 2252 ,

159 2276 316 2337 Dividere.
355 2276 426 2338 haec
450 2278 557 2357 populo
581 2281 665 2357 copia
687 2288 768 2358 grata
792 2279 864 2340 luit.

114 2365 188 2426 Pace
213 2366 292 2425 domi
316 2366 391 2426 iacta
414 2367 530 2443 signum
553 2384 703 2448 posuere,
725 2383 887 2446 perennem

160 2454 244 2524 Quod
269 2453 325 2513 sibi
349 2454 472 2514 deiectis
495 2453 544 2514 illa
566 2455 683 2516 tulisset
705 2473 810 2535 opem.

62 2555 99 2603 55
114 2541 200 2601 Nunc
223 2541 318 2622 mihi,
341 2560 395 2602 cur
413 2549 551 2623 cantent,
575 2551 731 2623 superest,
750 2542 877 2604 obscena
899 2543 1029 2624 puellae,

159 2628 284 2690 Dicere.
326 2648 393 2691 narn
417 2641 525 2692 coeunt
547 2640 686 2711 certaque
710 2631 818 2709 probra
841 2639 966 2692 canunt.

114 2717 216 2796 Nuper
239 2726 303 2779 erat
326 2719 379 2779 dea
403 2720 500 2781 lacta:
524 2722 603 2780 venit
626 2719 769 2781 Gradivus
792 2718 828 2780 ad
850 2720 981 2801 Annam,

159 2806 287 2866 Etcum
311 2808 431 2868 seducta
455 2807 522 2868 talia
544 2806 632 2867 verba
656 2807 743 2868 [acite

115 2889 230 2954 ‘Mense
254 2912 319 2954 meo
343 2895 472 2975 coleris,
494 2897 578 2955 iunxi
600 2912 664 2955 mea
688 2904 820 2976 tempora
843 2904 957 2957 tecum:

65 2996 99 3044 80
159 2982 272 3043 Pendet
295 2982 330 3042 ab
354 2983 450 3043 officio
474 3001 542 3062 spes
566 2983 638 3043 mihi
661 3002 764 3063 magna
787 2993 854 3045 tuo.

114 3072 241 3130 Armiler
265 3071 419 3131 armiferae
442 3080 597 3150 correptus
620 3089 719 3133 amore
741 3072 888 3131 Minervae

160 3158 258 3238 Uror,
282 3168 312 3219 et
334 3158 390 3219 hoc
414 3157 501 3238 longo
525 3169 657 3238 tempore
680 3159 785 3219 volnus
808 3157 871 3218 alo.

115 3246 228 3328 Effice,
252 3247 282 3306 di
305 3247 402 3307 studio
426 3247 535 3308 similes
559 3265 696 3308 coeamus
719 3248 750 3305 in
773 3262 882 3306 unrrm.
926 3271 936 3280 ·

159 3334 345 3395 Conveniunt
366 3345 466 3414 partes
488 3334 560 3394 haec
583 3332 659 3414 tibi,
683 3335 775 3393 comis
798 3325 905 3393 anus.’

65 3436 98 3484 85
115 3422 254 3484 Dixerat.
297 3420 345 3482 illa
368 3422 456 3483 deum
479 3423 624 3500 promisso
648 3419 724 3481 ludit
745 3422 843 3501 inani,

159 3511 197 3572 Et
220 3511 338 3571 stultam
362 3509 450 3570 dubia
474 3526 557 3587 spem
581 3507 670 3569 trahit
692 3527 788 3588 usque
811 3527 909 3571 mora.
934 3540 936 3545 ·
