2386 3892
417 207 453 260 11
471 207 1057 275 11111-11150149

87 386 124 435 16
141 371 218 451 [Nec
235 372 294 433 nisi
309 369 387 450 quod
405 370 543 451 prodest,
561 388 663 432 carum
681 378 743 453 est,
761 378 807 452 et,
824 371 947 434 detrahe
966 376 1058 436 menti

187 459 275 540 Spem
299 459 416 519 iruotus
437 457 560 539 avidae,
581 476 669 520 nemo
691 459 839 539 petendus
862 460 950 540 erit]

110 550 178 610 m
195 549 311 610 reditus
328 549 386 608 iam
401 548 528 626 quisque
546 564 618 608 suos
635 556 730 628 amat,
748 555 780 609 et
797 548 854 610 sihi
872 549 944 629 quid
963 553 1002 613 sii
1014 562 1057 617 (⁴⁵)

186 635 285 716 Utile,
308 635 441 697 sollicitis
464 643 606 715 supputat
628 635 778 698 articulis.

138 725 215 787 lllud
238 725 383 785 amicitiae
406 722 553 803 quondam
576 723 742 785 venerabile
765 740 876 787 numen

88 827 124 876 20
184 812 303 875 Prostat
324 821 356 873 et
376 814 408 872 in
432 820 558 891 quaestu
580 829 636 892 pro
659 815 816 874 meretrice
840 814 942 876 sedet.

140 901 207 973 Quo
229 903 323 980 magis
346 899 499 981 admiror,
520 917 603 980 non,
625 908 660 962 ut
682 900 866 963 torrentibus
890 903 995 985 undis,

185 989 357 1051 Communis
379 989 443 1049 vitii
465 995 495 1049 te
518 1004 637 1068 quoque
659 987 725 1050 lahe
747 988 845 1051 trahi.

139 1076 278 1156 Diligitur
300 1094 410 1158 nemo,
433 1077 491 1137 nisi
512 1078 563 1138 cui
584 1077 704 1138 fortuna
727 1079 857 1140 secunda
878 1089 943 1143 est:

185 1165 267 1236 Quae
290 1163 379 1225 simul
401 1165 531 1226 intonuit
543 1212 552 1244 ,
575 1167 708 1242 proxima
731 1182 865 1246 quaeque
888 1169 987 1246 lugat.

91 1265 126 1315 aa
141 1253 187 1315 En
210 1270 288 1332 ego,
310 1270 371 1313 non
393 1255 497 1332 paucis
519 1252 667 1331 quondam
690 1256 823 1314 munitus
846 1257 964 1338 amicis,

185 1341 261 1403 llum
284 1341 365 1401 ilarit
386 1340 460 1402 velis
481 1357 552 1402 aura
576 1339 706 1401 secunda
728 1343 821 1422 meis,

141 1429 180 1492 Ut
202 1430 264 1491 iera
287 1428 423 1490 nimboso
446 1437 621 1490 tumuerunt
643 1445 772 1508 aequora
794 1437 900 1511 vento,

100 1561 104 1567 -
186 1517 219 1578 ln
242 1515 347 1578 mediis
370 1516 465 1577 lacera
489 1533 563 1577 nave
586 1515 740 1596 relinquor
762 1519 864 1596 aquis.

142 1606 275 1686 Cumque
299 1604 348 1666 alil
371 1604 466 1666 nolint
487 1607 576 1666 etiam
600 1622 648 1666 me
670 1622 759 1667 nosse
781 1606 893 1686 videri,

92 1707 127 1756 eo
185 1693 238 1756 Vix
262 1694 321 1755 duo
343 1696 476 1772 proiecto
499 1701 598 1755 tresve
620 1692 732 1755 tulistis
752 1710 856 1774 opem.

143 1783 276 1854 Quorum
299 1791 333 1844 tu
350 1783 512 1862 princeps.
539 1798 649 1862 ‚neque
674 1784 753 1843 enim
775 1799 876 1844 comes
895 1799 961 1846 asse
973 1830 982 1864 ,
1006 1784 1058 1847 sed

215 1900 221 1913 ·
688 1878 809 1952 auctor,

186 1958 248 2020 Neo
269 1967 373 2037 petere
396 1957 584 2039 exemplum,
608 1957 660 2019 sed
684 1959 755 2019 dare
777 1958 886 2040 dignus
909 1976 992 2022 eras.

142 2046 207 2126 Te,
229 2045 303 2107 nihil
326 2063 360 2105 ex
384 2053 472 2125 acto,
495 2047 553 2106 nisi
575 2062 635 2107 non
657 2064 798 2127 peccasse
819 2054 988 2130 petentem,

187 2133 299 2214 Sponte
322 2151 375 2195 sua
398 2132 529 2213 probitas
552 2134 743 2214 ciliciumque
766 2137 863 2197 iuvat.

98 2235 130 2284 35
145 2221 243 2284 iudice
267 2232 297 2284 te
319 2221 456 2282 mercede
479 2230 562 2282 caret
583 2239 638 2301 per
660 2240 753 2302 seque
774 2222 902 2303 petenda
925 2230 970 2285 est

187 2309 325 2372 Externis
348 2312 442 2370 virtus
465 2310 635 2370 incomitata
656 2308 760 2371 honis.

142 2399 241 2478 Turpe
264 2407 351 2478 putas
374 2397 474 2478 abigi,
497 2399 564 2477 quia
587 2397 626 2456 sit
648 2395 856 2478 miserandus,
879 2398 1023 2479 amioum,

173 2485 330 2565 ¹Quodque
354 2487 393 2547 sit
415 2484 540 2565 infelix,
562 2483 699 2545 desinere
721 2500 788 2545 esse
810 2492 913 2545 tuum.

143 2573 243 2636 llitius
265 2583 312 2636 est
334 2573 411 2634 lasso
435 2573 559 2652 digitum
582 2578 751 2652 supponere
774 2579 893 2654 mento,
1013 2585 1059 2640 (to)

100 2673 131 2723 40
187 2661 321 2742 llergere
343 2679 433 2742 quarn
455 2659 576 2740 liquidis
599 2678 650 2720 ora
672 2663 801 2724 natantis
824 2663 927 2740 aquis.

144 2748 260 2830 Cerne,
283 2749 355 2829 quid
378 2749 519 2810 Aeacides
545 2756 614 2828 post
640 2756 768 2810 mortem
794 2757 926 2828 praestet
948 2754 1060 2814 amico:

185 2836 282 2899 lnstar
301 2846 337 2898 et
358 2837 433 2898 hanc
456 2838 544 2899 vitam
568 2839 672 2898 mortis
694 2834 804 2899 hahere
826 2846 914 2918 puta.

143 2924 309 2987 Pirithoum
331 2924 465 2986 Theseus
489 2923 605 3004 Stygias
628 2928 778 2992 comitavit
799 2926 836 2988 ad
858 2927 970 2989 undas:

185 3015 209 3074 Α
233 3013 334 3094 Stygia
357 3021 500 3093 quantum
524 3029 590 3073 sors
612 3031 677 3075 mea
701 3014 791 3076 distat
813 3011 910 3093 aqua?

100 3111 128 3162 ts
142 3101 243 3165 Adiuit
264 3104 370 3162 insano
392 3103 508 3162 iuvenis
530 3100 667 3163 Phoceus
689 3101 830 3163 Orestae:

185 3189 224 3252 Et
246 3207 311 3251 mea
334 3207 394 3252 non
417 3187 681 3268 minimumoulpa
705 3189 815 3250 luroris
838 3184 944 3247 habet.

143 3277 186 3339 Tu
210 3296 331 3358 quoque
354 3294 528 3358 magnorum
552 3277 653 3338 laudes
675 3276 797 3337 admitte
819 3276 971 3355 virorum,

187 3366 283 3445 thue
307 3368 403 3446 iacis,
425 3365 508 3445 lapso
531 3381 619 3445 qnam
641 3371 748 3443 potes,
771 3362 843 3423 aiier
866 3378 971 3440 opem.

143 3453 174 3515 Si
196 3453 273 3515 bene
296 3463 326 3515 te
350 3456 440 3535 nori,
463 3452 591 3532 siquod
614 3450 699 3530 prius
723 3466 787 3511 esse
811 3449 945 3532 solebas,

98 3550 128 3601 50
184 3541 271 3604 Nunc
295 3558 414 3622 quoque
438 3558 493 3621 es·‚
520 3549 608 3619 atque
636 3538 725 3600 animi
751 3554 812 3601 non
840 3539 974 3602 cecidere
997 3539 1061 3622 tui,
1181 3613 1186 3625 ‚
