2386 3892
472 214 507 262 II.
528 215 659 264 73-138.
1005 212 1069 276 237

88 376 382 455 1111111111111111,
405 375 561 455 ridentque
581 393 712 436 moram,
745 379 823 466 capit
844 376 893 437 ille
914 395 1070 458 coronam,

198 463 278 533 Quae
302 466 396 541 possit
419 465 538 537 erineo,
562 463 702 544 Phoebe,
726 464 832 525 decere
856 474 941 526 tuos:

154 552 294 611 Induerat
316 551 405 629 Tyrio
428 550 474 610 bis
498 554 618 611 tinctam
641 554 755 612 murice
779 552 901 632 pallam:

198 639 335 698 Reddidit
358 642 416 699 icta
440 657 509 698 suos
532 638 638 717 pollice
662 641 772 700 chorda
796 659 901 701 sonos:

155 727 328 803 [Flebilibus
352 729 484 786 numeris
507 726 597 786 veluti
621 731 755 788 canentia
778 728 851 788 dura
955 764 958 770 -

89 830 139 877 110
198 815 350 875 Traiectus
374 817 463 894 pinna
487 825 619 894 tempora
643 824 741 876 cantat
764 815 826 875 olor
837 816 857 893 .]

154 904 346 963 Protinusin
370 902 480 963 medias
504 911 625 963 ornatus
648 902 746 964 desilit
769 903 879 984 undas,

200 991 354 1070 Spargitur
378 991 503 1069 impulsa
526 991 641 1051 caerula
665 994 773 1071 puppis
797 1011 888 1071 aqua.

154 1081 224 1139 lnde
250 1112 281 1120 -
306 1079 362 1138 bde
387 1081 481 1138 maius
505 1112 538 1121 -
562 1089 645 1158 tergo
669 1079 805 1158 delphina
830 1099 953 1141 recurvo
1025 1095 1068 1142 111)

200 1167 237 1227 Se
260 1175 423 1227 memorant
447 1169 531 1227 oneri
554 1167 745 1247 subposuisse
768 1186 861 1228 novo.

91 1254 205 1314 1151111
230 1257 336 1315 sedens
360 1255 561 1334 citharamque
585 1263 687 1335 tenet,
715 1258 903 1335 pretiumque
928 1255 1067 1334 vehendi,

199 1343 302 1404 Cantat
326 1351 355 1403 et
378 1362 538 1421 aequoreas
562 1346 690 1403 carmine
714 1344 824 1403 mulcet
847 1362 954 1422 aquas,

155 1431 190 1491 Di
212 1435 260 1509 pia
283 1433 357 1491 11111
381 1430 497 1491 vident:
530 1433 616 1491 astris
640 1431 777 1510 delphina
800 1435 913 1510 recepit

200 1519 330 1598 luppiter
354 1528 383 1579 et
407 1517 614 1580 stellas'iussit
637 1519 747 1580 babere
771 1538 892 1579 novem,

465 1655 547 1752 eo
570 1654 672 1724 uou

155 1783 239 1842 Nunc
264 1783 335 1842 mihi
359 1782 436 1843 mille
461 1801 571 1864 sonos,
595 1802 711 1864 quoque
735 1792 781 1843 est
803 1792 984 1844 memoratus

700 1870 844 1952 Achilles,

91 1971 141 2019 tao
201 1958 332 2038 Vellem,
355 1958 528 2039 Maeonide,
553 1969 657 2038 pectus
680 1961 777 2021 inesse
800 1969 902 2039 tuum,

156 2047 230 2106 llum
255 2048 386 2107 canimus
410 2065 508 2107 sacras
532 2047 645 2108 alterno
668 2051 785 2127 pectine
808 2047 923 2108 Nonas.

200 2134 342 2194 Maximus
365 2135 413 2194 hic
437 2136 519 2195 lastis
543 2135 744 2197 accumulatur
766 2135 877 2196 honos.

155 2222 260 2281 Reficit
282 2224 454 2302 ingenium,
478 2226 646 2302 maioraque
670 2223 782 2283 viribus
805 2231 945 2302 urgent.¹

200 2310 277 2369 Haec
301 2310 373 2370 mihi
395 2313 555 2390 praecipuo
579 2320 625 2371 est
647 2328 698 2370 ore
722 2310 852 2370 canenda
874 2311 955 2371 dies.

91 2410 139 2458 125
156 2398 231 2468 Quid
256 2398 334 2458 volui
358 2398 479 2459 demens
503 2397 593 2477 elegis
615 2400 766 2477 imponere
790 2403 905 2458 tantum

199 2483 373 2548 Ponderis?
405 2486 489 2546 heroi
513 2505 561 2547 res
586 2494 648 2547 1111
670 2488 726 2547 ista
749 2485 850 2565 pedis.

157 2574 262 2634 Sancte
286 2573 374 2635 Pater
396 2576 530 2655 patriae,
554 2574 607 2636 tibi
630 2573 735 2655 plebs,
758 2572 812 2634 tibi
836 2575 917 2633 curia
941 2590 1048 2634 nomen

200 2661 262 2721 Hoc
286 2663 388 2744 dedit3
413 2663 470 2727 hoc
493 2663 627 2724 dedimus
651 2680 704 2722 nos
728 2661 781 2722 tibi
805 2679 911 2722 nomen
925 2708 933 2740 ‚
962 2679 1070 2740 eques.

156 2750 214 2808 Res
237 2758 335 2809 tamen
360 2759 426 2811 ante
451 2751 551 2812 dedit.
594 2769 660 2811 sero
684 2769 802 2830 quoque
825 2768 893 2810 vera
917 2749 1011 2811 tulisti

91 2850 142 2897 130
201 2837 345 2917 Nomina,
370 2840 426 2899 iam
450 2839 565 2917 pridem
588 2849 621 2899 tu
644 2848 728 2918 pater
750 2839 831 2900 orbis
856 2856 937 2899 eras.

156 2925 217 2985 Hoc
242 2933 274 2985 tu
297 2944 351 3004 per
374 2935 491 3007 terras,
515 2928 592 3005 quod
617 2928 647 2987 in
671 2927 790 2988 aethere
813 2926 944 3006 Iuppiter
968 2925 1043 3005 alto,

199 3013 312 3073 Nomen
336 3013 448 3076 habes:
479 3015 631 3076 hominum
655 3024 687 3076 tu
710 3026 795 3096 pater
807 3063 816 3096 ,
839 3014 887 3074 ille
911 3013 1016 3073 deum.

156 3101 302 3182 Romule,
326 3103 491 3164 concedes:
523 3104 593 3165 lacit
615 3104 663 3164 bic
687 3112 736 3164 tua
760 3121 862 3181 magna
885 3100 994 3162 tuendo

200 3189 336 3270 Moenia3
360 3198 392 3250 tu
416 3191 540 3253 dederas
563 3191 752 3252 transilienda
776 3190 884 3249 Remo.

90 3289 140 3336 135
156 3277 197 3336 Te
221 3278 323 3338 Tatius
346 3281 487 3357 parvique
511 3279 604 3340 Cures
628 3279 813 3354 Caeninaque
837 3276 946 3335 sensit:

200 3365 261 3425 Hoc
286 3366 360 3425 duce
384 3365 547 3427 Romanum
571 3374 617 3426 est
640 3363 710 3423 solis
734 3374 892 3442 utrumque
916 3362 1009 3425 latus.

156 3453 199 3512 Tu
225 3453 312 3513 breve
336 3455 437 3513 nescio
461 3455 531 3532 quid
555 3456 647 3514 victae
671 3451 786 3512 telluris
808 3450 952 3513 habebas:

201 3541 414 3618 erodcumque
439 3549 484 3602 est
507 3540 564 3600 alto
589 3539 643 3602 sub
668 3539 754 3618 love,
779 3540 885 3601 Caesar
907 3539 1013 3602 habet.
