2386 3892
403 187 435 237 V.
454 197 499 238 vll
513 189 642 240 tta-vm
658 188 701 238 25.

91 363 122 411 co
136 348 290 411 Barbara:
324 366 383 408 uon
407 346 534 408 bominis
557 347 642 427 culpa
666 349 717 409 sed
741 351 797 409 ista
818 347 893 410 loci.

135 437 180 498 Ne
203 446 303 498 tamen
327 436 472 496 Ausoniae
496 435 616 514 perdam
641 439 817 497 commercia
840 437 974 516 linguae,

136 525 176 586 Et
197 525 248 585 fiat
271 525 367 603 patrio
391 541 444 584 vox
469 541 533 583 mea
555 533 635 584 muta
658 541 749 604 sono,

137 611 204 691 Ipse
228 612 335 690 loquor
358 628 474 672 mecum
498 610 678 690 desuetaque
702 611 790 672 verba
812 620 960 693 retracto,

137 701 176 760 Et
200 699 291 761 studii
314 707 417 778 repeto
441 701 522 777 sigua
547 701 665 759 sinistra
688 701 763 760 mei.

89 799 123 850 65
139 788 189 851 Sic
213 789 345 848 ammom
370 797 545 865 tempusque
568 786 675 866 traho,
699 789 741 846 sic
765 804 872 866 meque
894 788 1006 848 reduco

138 875 385 953 Acontempiatu
409 892 638 953 summoveoque
662 873 747 934 mali.
919 932 922 939 .

139 962 327 1024 Carminibus
351 979 461 1040 quaero
484 964 659 1023 miserarum
683 960 789 1051 oblivia
810 979 930 1024 rerum:

139 1050 274 1112 Praemia
297 1052 323 1111 si
346 1049 444 1110 studio
467 1067 633 1128 consequar
656 1051 734 1130 ista,
757 1058 802 1111 sat
825 1058 887 1112 est.

506 1240 602 1314 VIII.

141 1383 206 1444 Non
230 1381 303 1443 adeo
327 1382 443 1461 cecidi,
466 1383 599 1459 quamvis
622 1381 776 1455 abiectus,
799 1389 833 1442 ut
855 1382 931 1442 inira

142 1472 184 1531 Te
208 1488 326 1551 quoque
350 1471 429 1551 sim,
451 1470 576 1530 inferius
600 1487 658 1548 quo
682 1469 754 1530 nihil
778 1487 843 1530 esse
866 1476 981 1546 potest.

143 1559 224 1629 Quae
248 1558 302 1618 tibi
325 1575 373 1618 res
397 1559 509 1617 animos
532 1559 562 1617 in
589 1575 637 1617 me
666 1558 734 1618 iacit
747 1603 756 1637 ,
783 1556 939 1637 improbe,
967 1575 1056 1618 curve

142 1646 266 1707 Casibus
289 1645 435 1725 insultas,
459 1662 533 1723 quos
557 1654 641 1723 potes
664 1647 727 1723 Ipse
750 1642 837 1724 pati?

110 1735 203 1795 sNec
227 1733 302 1794 maia
325 1744 354 1794 te
378 1733 507 1794 reddunt
529 1735 629 1793 mitem
652 1732 858 1811 placidumque
881 1736 989 1796 iacenti

142 1822 271 1901 Nostra,
295 1820 401 1899 quibus
425 1823 539 1899 possint
561 1818 745 1880 inlacrimare
769 1822 867 1901 ierac,

143 1909 203 1970 Nec
227 1911 336 1969 metuis
359 1908 448 1969 dubio
473 1907 619 1968 Fortunae
643 1910 748 1968 stantis
769 1911 800 1969 in
826 1909 898 1969 orbe

143 1997 260 2057 Numen
284 2005 314 2056 et
337 2013 441 2056 exosae
464 1994 552 2055 verba
576 1995 703 2073 superba
726 1996 815 2057 deae.

144 2084 243 2162 Exigit
266 2101 282 2143 a
305 2082 401 2161 dignis
424 2082 514 2143 ultrix
536 2081 715 2143 Rhamnusia
738 2082 866 2162 poenas!

98 2182 129 2232 ιο
144 2171 275 2250 Inposito
299 2171 393 2230 calcas
417 2169 485 2248 quid
509 2187 573 2230 mea
597 2171 654 2231 fata
677 2167 778 2248 pedet

143 2259 208 2319 Vidi
232 2277 309 2338 ego,
333 2258 516 2336 naufragium
540 2259 590 2336 qui
613 2259 702 2336 nsit,
725 2260 756 2317 in
779 2276 907 2337 aequore
930 2261 1041 2340 mergi,

143 2347 182 2407 Et
204 2340 393 2424 ‘Numquam'
417 2346 477 2405 dixi
500 2341 617 2404 ‘iustior
640 2343 718 2404 unda
741 2341 824 2405 suit?

143 2434 216 2494 Vilia
239 2435 291 2512 qui
315 2433 461 2512 quondam
484 2433 601 2493 miseris
625 2430 761 2491 alimenta
783 2440 922 2511 negarat,

145 2521 230 2583 Nunc
254 2520 419 2582 mendicato
443 2521 573 2598 pascitur
597 2521 660 2597 ipse
685 2517 769 2578 cibo.

100 2620 130 2668 15
145 2609 286 2670 Passibus
309 2609 452 2688 ambiguis
474 2607 604 2668 Fortuna
628 2604 763 2666 volubilis
786 2615 867 2666 errat

145 2697 182 2757 Et
206 2705 305 2758 manet
328 2699 359 2758 in
381 2695 461 2758 nullo
485 2704 566 2756 certa
590 2703 735 2772 tenaxque
758 2692 842 2774 loco,

147 2783 204 2845 Sed
229 2785 315 2845 modo
344 2783 417 2845 laeta
446 2785 547 2861 venit,
572 2782 669 2843 vuitus
692 2781 778 2843 modo
807 2784 896 2845 sumit
919 2782 1060 2864 acerbos,

146 2870 184 2933 Et
206 2882 321 2933 tantum
345 2882 483 2933 constans
506 2873 537 2930 in
560 2870 676 2930 levitate
700 2889 753 2932 sua
776 2879 838 2934 est.

146 2958 206 3020 Nos
230 2977 347 3038 quoque
371 2960 547 3034 floruimus,
571 2957 622 3018 sed
645 2957 699 3018 ssos
724 2968 787 3021 erat
809 2959 857 3021 iile
882 2960 1028 3038 caducus,

99 3056 132 3106 20
148 3045 334 3126 Flammaque
359 3047 395 3108 de
418 3046 525 3126 stipula
548 3054 649 3106 nostra
672 3045 829 3126 brevisque
853 3048 926 3107 fuit.

146 3133 224 3196 Neve
248 3144 344 3195 tamen
368 3144 429 3195 tota
452 3136 549 3212 capias
573 3134 634 3194 iera
657 3134 761 3211 gaudia
784 3141 901 3193 mente:
973 3148 977 3153 ·

146 3220 211 3282 Non
235 3234 281 3283 est
303 3223 435 3301 placandi
460 3239 528 3300 spes
552 3221 623 3281 mibi
647 3221 724 3282 uuila
749 3221 813 3300 dei,

147 3308 198 3369 Vel
222 3312 290 3389 quia
313 3312 430 3390 peccavi
454 3312 527 3370 citra
551 3308 670 3386 scelus,
693 3317 785 3385 utque
808 3304 921 3384 pudore

147 3395 212 3457 Non
236 3410 316 3459 caret
329 3445 338 3476 ,
360 3398 467 3458 invidia
491 3399 533 3457 sic
557 3414 621 3456 mea
646 3393 730 3472 culpa
754 3401 852 3473 caret,

102 3495 134 3544 25
149 3483 198 3544 Vei
223 3487 290 3564 quia
313 3485 354 3546 nii
377 3489 481 3564 iugens
505 3484 652 3544 adfinem
676 3479 745 3540 solis
769 3479 805 3541 ab
829 3487 896 3541 ortu
