2386 3892
420 121 455 173 11.
474 131 521 171 vn
536 122 648 172 12-84.

161 281 263 343 Infelix
287 284 364 361 perii
387 281 506 343 dotibus
528 285 592 362 ipse
616 284 708 344 meis.

118 371 184 432 Vita
206 374 288 450 prior
313 373 382 430 vitio
406 377 488 431 caret
510 378 540 431 et
563 373 627 431 sine
650 370 714 431 labe
738 380 874 450 peracta:

72 458 741 521 mmmmfflfflfflffi.

116 548 207 626 Culpa
229 550 326 626 gravis
349 545 489 626 precibus
511 548 639 608 donatur
662 564 750 627 saepe
774 566 914 610 suorum:

163 636 265 697 Omnis
288 653 342 714 pro
366 635 451 695 nobis
474 638 567 713 gratia
591 642 671 696 muta
694 636 767 707 luit.

117 725 293 784 Adiuvatiu
318 723 400 783 duris
424 722 521 801 aliqua
544 726 711 802 praesentia
734 723 843 786 rebus:

162 811 269 872 Obruit
290 811 347 871 hoc
371 811 477 871 absens
500 821 581 873 uasta
603 811 732 891 procella
755 821 860 891 caput.

72 911 102 961 55
117 900 190 970 Quis
214 918 273 960 non
296 899 448 960 horruerit
470 902 589 960 tacitam
613 918 731 980 quoque
755 900 889 962 Caesaris
912 898 1011 962 iram?

160 988 264 1049 addita
288 994 358 1048 sunt
381 990 484 1066 poenis
508 1005 611 1067 aspera
635 988 723 1050 verba
746 992 838 1053 meis.

116 1076 163 1136 Fit
185 1077 253 1154 iuga
276 1076 460 1155 temporibus
483 1076 597 1137 levior:
638 1079 788 1155 proiectus
811 1081 843 1140 in
866 1097 977 1157 aequor

161 1166 321 1225 Arcturum
345 1164 423 1225 subii
446 1164 655 1243 Pleiadumque
679 1168 790 1226 minas.

118 1252 211 1332 Saepe
235 1252 332 1313 solent
354 1253 481 1313 hiemem
503 1252 647 1331 placidam
670 1256 782 1314 sentire
805 1254 940 1314 carinae:
990 1267 1034 1318 too)

72 1353 103 1402 60
161 1341 226 1401 Non
250 1341 366 1401 Ithacae
389 1344 481 1420 puppi
504 1343 619 1402 saevior
642 1341 720 1401 unda
743 1342 816 1402 luit.

117 1429 207 1490 Recta
230 1430 304 1490 fides
327 1432 469 1490 comitum
490 1437 608 1508 poterat
630 1429 705 1489 mala
727 1437 830 1490 nostra
852 1428 968 1493 leuare:

161 1518 257 1578 Dilata
280 1527 326 1578 est
347 1517 449 1597 spoliis
472 1517 584 1596 perfida
606 1516 694 1578 turba
716 1519 808 1580 meis.

119 1605 219 1666 Mitius
243 1606 362 1666 exilium
386 1608 499 1666 iaciunt
520 1606 606 1668 loca:
646 1609 761 1668 tristior
784 1610 840 1668 ista

161 1694 252 1754 Terra
276 1694 331 1755 sub
355 1694 497 1755 ambobus
516 1713 576 1755 non
598 1696 676 1756 iacet
697 1695 756 1756 ulla
779 1696 875 1773 polis.

73 1793 103 1842 55
118 1781 170 1842 Est
193 1783 324 1863 aliquid,
347 1786 450 1862 patriis
472 1784 603 1844 vicinum
624 1783 734 1845 tinibus
758 1802 842 1847 esse:

161 1869 268 1932 Ultima
291 1889 338 1932 me
362 1870 472 1950 tellus,
495 1871 617 1932 ultimus
641 1872 722 1933 orbis
745 1871 851 1934 babet.

118 1959 251 2019 Praestat
274 1968 304 2019 et
327 1958 463 2020 exulibus
485 1978 589 2038 pacem
611 1968 662 2021 tua
684 1960 807 2040 laurea,
830 1960 955 2023 Caesar:

161 2047 284 2108 Pontica
306 2048 429 2108 finitimo
453 2056 533 2109 terra
556 2047 611 2109 sub
634 2048 721 2110 hoste
743 2051 836 2111 iacet.

118 2135 246 2214 Tempus
269 2138 299 2195 in
323 2153 461 2214 agrorum
485 2134 566 2196 cultu
590 2154 766 2197 consumere
790 2136 876 2198 dulce
900 2146 962 2199 cst:

78 2235 109 2282 70
166 2223 231 2283 Nou
254 2226 366 2302 patitur
389 2225 464 2285 verti
486 2222 630 2284 barbarus
653 2223 747 2284 bostis
770 2223 911 2286 humum.

118 2310 274 2390 Temperie
297 2311 370 2372 caeli
393 2328 560 2390 corpusque
584 2312 759 2389 animusque
781 2314 936 2373 iuvantur:

162 2399 283 2478 Frigore
307 2407 451 2479 perpetuo
476 2399 617 2460 Sarmatis
640 2415 693 2459 ora
715 2399 808 2476 riget.

119 2485 171 2547 Est
187 2491 225 2560 iu
247 2507 323 2568 aqua
346 2489 425 2549 darlci
449 2505 509 2548 non
531 2487 674 2549 invidiosa
696 2486 848 2565 voluptas:

163 2577 318 2654 Aequoreo
342 2577 453 2637 bibitur
477 2594 545 2637 cum
569 2575 628 2637 sale
650 2577 741 2637 mixta
763 2574 865 2655 palus.

73 2674 103 2722 55
118 2662 221 2725 Omnia
246 2663 409 2726 deficiunt.
448 2667 563 2726 animus
585 2674 684 2726 tamen
707 2667 804 2725 omnia
827 2666 936 2727 vincit:

162 2752 212 2813 llle
237 2757 325 2815 etiam
348 2757 426 2815 vires
449 2770 558 2832 corpus
581 2753 690 2814 habere
714 2754 800 2819 iacit.

118 2839 271 2902 Sustineas
294 2851 328 2903 ut
352 2861 449 2922 onus,
473 2842 626 2904 nitendum
648 2845 759 2904 vertice
782 2843 870 2923 pleno
894 2850 959 2922 est,

161 2929 220 2990 dut
242 2931 322 2991 ilecti
344 2947 451 2992 nervos
475 2932 500 2990 si
523 2933 656 3012 patiere,
679 2931 782 2994 cades.

119 3016 192 3095 Spes
216 3037 357 3099 quoque,
380 3036 467 3098 posse
490 3037 572 3080 mora
595 3023 751 3082 mitescere
775 3019 920 3097 principis
942 3019 1034 3096 iram,

72 3113 103 3163 ao
162 3104 266 3167 Vivere
289 3125 327 3168 ne
350 3107 440 3167 nolim
463 3107 677 3187 deiciamque,
701 3116 802 3168 cavet.

117 3191 177 3253 Nec
200 3212 252 3255 vos
275 3213 364 3273 parva
386 3195 462 3255 datis
484 3198 571 3274 pauci
594 3195 703 3254 solacia
724 3193 827 3273 nobis,
990 3206 1034 3257 (6ยน)

163 3280 297 3351 Quorum
321 3291 452 3361 spectata
474 3291 521 3343 est
543 3299 597 3361 per
620 3280 694 3340 mala
717 3289 819 3341 nostra
841 3279 932 3342 fides.

117 3367 228 3448 Coepta
246 3379 332 3452 terre,
347 3388 474 3450 quaeso,
489 3387 586 3448 neque
606 3370 635 3429 in
650 3385 779 3446 aequore
794 3368 898 3430 desere
917 3387 1033 3452 navem,

161 3456 266 3536 Meque
290 3459 378 3520 simul
401 3476 486 3520 serva
508 3457 710 3534 iudiciumque
734 3465 836 3518 tuum.
