2386 3892
421 184 467 237 Ν.
486 195 512 236 11
526 187 632 238 tb-m
647 187 689 238 69.
1015 179 1056 244 67

134 347 242 408 Tristis
266 342 333 408 es?
369 347 529 425 indignor,
556 347 635 424 qnod
659 349 715 407 sim
738 345 792 407 tibi
819 364 908 406 causa
931 343 1058 406 doloris:

136 434 202 495 Ncn
225 431 291 495 es?
328 445 380 515 at,
405 436 511 495 amisso
534 436 660 512 coniuge
683 433 793 515 digna,
816 435 912 495 iores.

88 536 123 584 35
138 523 185 584 Tu
208 540 279 583 vero
303 530 356 582 tua
378 521 483 583 damna
506 521 595 603 dole,
616 524 772 583 mitissima
794 524 940 601 coniunx,

137 611 269 690 Tempus
293 619 324 671 et
347 628 364 670 a
387 612 498 671 nostris
522 612 605 688 exige
629 613 713 671 triste
736 608 837 690 malis,

139 699 252 777 Flequc
276 715 359 758 meos
382 696 486 759 casusl
528 707 574 758 est
596 699 739 777 quaedam
761 698 834 758 llere
857 697 1007 775 voluptas:

138 786 283 866 Expletur
306 785 436 847 lacrimis
458 787 650 865 egeriturque
674 786 775 846 dclcr.

139 876 237 954 Atque
261 876 373 935 utinam
396 873 522 952 lugenda
545 873 601 934 tibi
623 891 683 934 ncn
706 875 785 952 vita,
808 873 860 934 sed
884 879 963 933 esset

90 974 125 1023 40
140 961 220 1022 Mors
243 979 331 1042 mea,
353 969 448 1022 morte
472 962 552 1022 lcres
575 961 636 1023 sola
659 961 761 1022 relicta
784 958 866 1021 meal

142 1049 273 1130 Spiritus
295 1049 344 1110 hic
367 1067 422 1129 per
446 1057 474 1110 te
497 1051 607 1129 patrias
631 1052 741 1111 exisset
763 1051 793 1109 in
817 1067 921 1127 auras,

143 1138 330 1217 sparsissent
351 1136 489 1198 lacrimae
513 1155 637 1217 corpora
659 1146 761 1198 nostra
783 1139 867 1216 piac,
953 1166 955 1170 ⁴

144 1225 351 1305 Supremoque
375 1225 422 1286 dic
446 1233 550 1286 notum
573 1228 736 1306 spectantia
759 1225 872 1285 caelum

143 1314 302 1375 Texissent
324 1314 409 1392 digiti
431 1313 541 1375 lumina
564 1322 665 1374 nostra
688 1315 749 1374 tui.

93 1414 128 1462 45
144 1401 182 1462 Et
205 1403 281 1463 cinis
304 1403 335 1462 in
359 1401 473 1463 tumulo
495 1403 611 1481 positus
633 1402 775 1462 iacuisset
797 1401 891 1478 avito,

145 1489 295 1568 Tantaque
317 1492 452 1551 nascenti
475 1508 583 1570 corpus
605 1488 729 1550 haberet
751 1487 878 1566 humus3

144 1577 302 1658 Denique,
325 1586 359 1638 ut
381 1585 411 1639 et
433 1580 515 1658 vixi,
540 1580 603 1638 sine
627 1578 750 1638 crimine
773 1583 909 1636 mortuus
932 1589 1045 1633 essem.

145 1666 230 1726 Nunc
254 1683 319 1726 mea
342 1665 487 1745 supplicio
510 1668 569 1726 vita
591 1665 727 1744 pudenda
751 1681 805 1725 suo
829 1671 891 1723 est.

146 1753 192 1813 ble
216 1756 379 1834 miserum,
402 1756 506 1833 situ,
529 1771 597 1814 cum
620 1753 728 1814 diceris
751 1751 845 1813 erulis
869 1767 961 1829 uxor,

96 1854 131 1902 50
148 1842 264 1901 Avertis
288 1840 386 1902 vultus
410 1850 440 1902 et
463 1841 543 1902 subit
565 1859 617 1902 ora
639 1840 749 1902 rubori

147 1929 194 1989 Me
216 1930 382 2009 miserum,
405 1930 431 1990 si
453 1937 541 2009 turpe
564 1937 651 2009 putas
673 1929 745 1990 mibi
769 1936 861 2008 nupta
884 1923 993 1987 videri!

148 2016 194 2076 Me
218 2018 384 2098 miserum,
407 2019 433 2078 si
456 2025 485 2078 tc
508 2019 566 2079 iam
588 2018 681 2097 pudet
703 2035 769 2078 esse
793 2013 905 2077 meaml

148 2104 279 2183 Tempus
302 2103 354 2165 ubi
377 2113 424 2166 est
446 2104 541 2186 illud,
564 2123 622 2183 quc
646 2115 675 2166 te
698 2108 807 2167 iactare
831 2101 946 2163 sclebas

149 2191 303 2274 Coniuge,
326 2209 381 2253 nec
405 2210 512 2254 nomen
536 2192 720 2254 dissimulare
739 2187 820 2252 viri?

98 2292 134 2341 55
149 2279 280 2359 Tempus
298 2278 351 2341 ubi
369 2289 437 2361 est,
460 2299 519 2360 quo
533 2289 564 2342 te
577 2312 613 2325 -
631 2283 689 2341 nisi
707 2296 767 2340 ncn
786 2280 830 2338 vis
849 2276 897 2337 illa
916 2274 1067 2336 referri-

150 2367 189 2429 Et
210 2368 292 2450 dici,
315 2371 457 2449 memini,
481 2371 556 2430 iuvit
579 2377 610 2429 et
632 2385 698 2428 esse
722 2360 843 2426 meam?

149 2455 247 2535 thue
270 2455 363 2537 proba
387 2456 596 2536 dignum-est,
623 2456 704 2514 cmni
728 2452 782 2514 tibi
807 2451 875 2512 dcte
899 2447 1066 2528 placebam:

152 2543 285 2605 Addebat
308 2546 385 2605 veris
409 2544 501 2606 multa
523 2545 649 2606 laventis
673 2558 774 2602 amor.

150 2631 235 2713 Nec,
253 2650 342 2710 quem
355 2633 523 2711 praeferres
534 2665 571 2677 -
587 2635 628 2693 ita
646 2648 696 2692 res
716 2627 768 2690 tibi
783 2643 885 2706 magna
904 2622 1024 2686 videbar
1035 2656 1070 2666 —

101 2733 136 2781 tto
152 2720 308 2800 Quemque
331 2727 417 2781 tuum
439 2720 541 2781 malles
564 2738 631 2781 esse
643 2766 652 2801 ,
676 2720 721 2779 vir
744 2716 818 2778 alter
840 2722 922 2777 erat.

150 2806 237 2867 Nunc
252 2825 370 2887 quoque
385 2826 422 2869 ne
436 2807 562 2889 pudeat,
576 2808 655 2887 quod
670 2809 710 2868 sis
726 2805 797 2867 mihi
812 2812 919 2886 nupta;
941 2812 1071 2880 tuusque

152 2893 217 2956 Non
241 2894 330 2956 debet
352 2895 437 2956 dolor
459 2896 551 2979 hinc,
574 2895 663 2956 debet
685 2895 788 2956 abesse
811 2893 925 2972 pudor.

153 2981 228 3043 Cum
251 2983 360 3044 cecidit
383 2983 536 3063 Capaneus
559 2983 657 3045 subito
681 2985 857 3044 temerarius
881 2983 961 3059 ictu,

153 3069 230 3131 Num
253 3070 328 3150 legis
350 3070 493 3132 Euadnen
517 3071 672 3133 erubuisse
695 3067 786 3133 viro?

105 3169 141 3219 65
155 3157 216 3219 Nec
239 3162 309 3237 quia
332 3177 384 3220 rex
408 3159 510 3220 mundi
534 3161 716 3240 compescuit
739 3155 858 3236 ignibus
881 3154 984 3232 ignes,

153 3245 220 3326 lpse
244 3249 307 3308 suis
329 3247 481 3308 Phaethon
504 3248 674 3309 infitiandus
698 3252 778 3323 erat3

156 3333 215 3395 Nec
240 3334 355 3395 Semele
380 3335 488 3396 Cadmo
512 3337 589 3398 lacta
611 3343 658 3395 cst
680 3333 774 3392 aliena
798 3329 931 3408 parenti,

157 3421 240 3492 Quod
264 3423 404 3502 precibus
427 3426 516 3503 periit
539 3422 693 3484 ambitiosa
716 3419 796 3478 suis,

158 3508 216 3570 Nec
241 3511 294 3572 libi
307 3557 317 3592 ‚
340 3511 418 3591 qucd
442 3514 536 3572 saevis
565 3528 618 3588 ego
648 3525 713 3568 sum
738 3504 814 3566 lovis
838 3502 957 3583 ignibus
979 3505 1068 3574 ictus,

879 3603 916 3658 5*
