2386 3892
397 189 445 242 IIL
464 201 536 242 vnn
552 193 643 243 lit—x
657 195 699 246 49.
1006 190 1052 256 53

129 355 180 416 Nix
201 356 307 432 iacet,
331 360 362 414 et
385 354 490 414 iactam
512 369 551 413 ne
574 352 618 413 soi
641 353 816 434 pluviaeque
839 355 1005 439 resolvant,

129 443 247 504 fodurat
271 440 379 503 boreas
402 447 635 520 perpetuamque
658 442 748 504 facit.

94 543 117 592 lo
129 531 203 610 Ergo
228 529 283 591 ubi
305 529 430 590 delicuit
451 528 583 589 nondum
605 531 709 609 prior,
733 530 824 592 altera
846 535 944 613 venit,

128 620 164 680 Et
186 619 264 679 solet
287 620 319 678 iu
341 616 444 678 multis
466 615 545 678 bima
568 634 687 678 manere
710 618 800 680 locis.

128 708 280 786 Tantaque
304 705 445 766 commoti
467 706 511 765 vis
535 714 580 765 est
602 705 770 787 aquilonis,
796 716 830 768 ut
852 708 924 770 altas

129 796 242 874 Aequet
265 794 356 855 humo
379 800 480 853 aures
501 801 639 871 tectaque
663 802 746 872 rapta
769 796 861 856 ferat.

129 883 259 945 Pellibus
283 890 313 942 et
336 882 413 942 sutis
435 889 538 942 arcent
560 881 634 942 mala
657 882 767 960 frigora
790 882 905 964 bracis,

92 973 246 1050 tuomque
271 970 308 1030 de
332 976 395 1030 toto
418 985 544 1049 corpore
567 968 629 1030 sola
651 979 769 1049 patent.

129 1060 221 1138 Saepe
246 1065 353 1119 sonant
375 1059 447 1118 moti
472 1057 563 1135 glacie
586 1058 734 1134 pendente
758 1059 873 1144 capilii,

128 1149 164 1210 Et
186 1150 264 1209 nitet
285 1146 408 1207 inducto
432 1145 556 1207 eandida
577 1144 668 1206 barba
691 1146 776 1227 gelu3

129 1237 272 1314 Nudaque
297 1236 486 1313 consistunt,
509 1235 633 1294 formam
657 1237 803 1296 servantia
826 1244 937 1316 testae,

129 1324 200 1386 Vina
223 1341 280 1385 neo
303 1323 409 1383 hausta
430 1323 527 1402 meri,
551 1320 602 1381 sed
626 1321 692 1382 data
715 1323 809 1383 frusta
832 1322 954 1385 bibunt.

91 1423 117 1471 25
131 1413 206 1484 Quid
230 1411 359 1491 loquar,
381 1417 415 1470 ut
437 1412 528 1471 vincti
552 1418 745 1470 concrescant
767 1411 878 1489 frigore
902 1413 975 1491 rivi,

130 1502 229 1580 Deque
253 1498 320 1559 lacu
343 1498 462 1577 fragiles
485 1499 663 1559 effodiantur
685 1495 804 1576 aquae?

130 1590 217 1669 lpse,
240 1588 409 1667 papyrifero
429 1589 480 1665 qui
503 1604 562 1647 non
585 1587 738 1664 angustior
761 1603 846 1649 amne

130 1677 272 1738 Miscetur
294 1684 376 1735 vasto
400 1674 492 1735 multa
514 1692 569 1754 per
591 1693 643 1735 ora
666 1675 761 1756 freto,

131 1763 289 1826 Caeruleos
311 1765 408 1823 ventis
431 1762 533 1823 latices
556 1763 753 1844 durantibus,
776 1763 878 1825 Hister

90 1863 117 1911 30
131 1850 272 1931 Congeiat
294 1859 325 1911 et
346 1852 435 1912 tectis
457 1853 488 1912 in
512 1868 592 1911 mare
615 1853 709 1930 serpit
731 1854 831 1931 aquis.

130 1941 254 2019 Quaque
277 1946 357 2000 rates
379 1941 497 2018 ierant,
521 1938 646 2018 pedihus
669 1958 750 2000 nunc
772 1942 855 2021 itur,
879 1947 909 2002 et
931 1938 1026 2001 undas

129 2030 253 2106 Frigore
277 2035 431 2088 concretas
455 2028 564 2106 ungula
586 2027 685 2107 pulsat
707 2029 794 2108 equi3

129 2117 248 2195 Perque
271 2132 364 2175 novos
387 2123 493 2194 pontes
516 2115 619 2177 subter
642 2115 810 2178 labentibus
832 2116 920 2178 undis

130 2206 250 2266 Ducunt
274 2203 429 2264 Sarmatici
451 2202 574 2265 barbara
597 2203 727 2283 plaustra
751 2203 857 2267 boves.

87 2303 117 2352 35
131 2294 186 2355 Vix
208 2290 346 2371 equidem
370 2291 496 2372 credar,
519 2293 571 2354 sed
594 2310 663 2352 cum
686 2294 746 2352 sint
767 2295 896 2370 praemia
920 2291 985 2353 falsi

131 2379 239 2462 Nulla,
260 2389 354 2442 ratam
377 2378 465 2440 debet
487 2383 572 2441 testis
594 2378 703 2439 habere
727 2379 833 2441 fldem.

131 2469 263 2529 Vidimus
286 2471 437 2546 ingentem
460 2467 552 2545 glaeie
576 2469 738 2528 consistere
762 2475 903 2546 pontum,

131 2556 317 2635 Lubricaque
339 2558 466 2617 inmotas
489 2565 565 2616 testa
587 2552 741 2634 promebat
764 2571 872 2634 aquas.

131 2645 192 2706 Neo
216 2645 325 2706 vidisse
348 2652 394 2706 sat
415 2652 484 2725 est3
507 2644 616 2705 durum
639 2641 815 2703 calcavimus
838 2660 968 2725 aequor,

84 2744 117 2792 40
131 2731 274 2811 Undaque
298 2750 357 2793 nou
381 2733 439 2795 udo
463 2731 519 2794 sub
541 2732 617 2812 pede
640 2748 755 2794 summa
778 2732 850 2794 fuit.

133 2820 165 2881 Si
187 2820 243 2882 tibi
265 2820 322 2882 tale
346 2822 456 2883 fretum
479 2821 649 2903 quondam,
671 2819 826 2902 Leandro,
849 2822 972 2901 fuisset,

132 2908 197 2969 Non
221 2910 299 2971 foret
321 2918 462 2988 angustae
485 2927 565 2971 mors
587 2919 638 2971 tua
661 2912 774 2972 crimen
797 2928 907 2990 aquae.

131 2997 208 3057 'fum
232 3015 328 3077 neque
352 3016 384 3058 se
406 2997 495 3076 pandi
518 3007 644 3076 possunt
666 2999 821 3079 delphines
844 3001 875 3059 in
898 3014 985 3058 auras

132 3083 271 3166 Tollere3
294 3094 434 3146 conantes
457 3085 531 3146 dura
554 3094 672 3148 coercet
694 3088 806 3149 hiems.

84 3183 117 3231 45
132 3172 172 3233 Et
195 3175 328 3253 quamvis
350 3173 456 3235 boreas
478 3177 593 3237 iactatis
615 3179 733 3236 insonet
756 3175 826 3253 alis,

131 3259 257 3323 Fluctus
278 3264 310 3323 in
333 3261 455 3324 obsesso
478 3266 594 3343 gurgite
617 3263 715 3324 nullus
738 3264 814 3340 erit3

132 3348 343 3429 inclusaequae
367 3350 434 3428 gelu
458 3349 578 3413 stabunt
600 3353 631 3410 in
654 3366 800 3409 marmore
823 3365 957 3428 puppes,

133 3437 195 3499 Nec
217 3440 328 3516 poterit
350 3438 459 3518 rigidas
482 3439 593 3500 findere
617 3454 717 3497 remus
740 3453 848 3514 aquas.

134 3524 266 3587 Vidimus
288 3529 319 3587 in
342 3527 434 3603 dacio
455 3528 554 3608 pisces
576 3526 700 3585 haerere
722 3523 846 3598 ligatos.
