2386 3892
146 164 237 221 XXVI

146 332 277 406 ridetur,
309 331 403 390 latere
431 330 541 389 locutio
569 331 642 389 satie
669 331 795 405 usitata,
827 329 889 388 IIII
916 343 943 388 II
968 333 1007 390 13
1036 331 1154 404 fraudes

148 425 210 479 erat
231 421 337 479 addere
358 419 445 478 urea
558 431 608 477 VII
628 413 669 478 12
689 423 797 493 pupuet
813 419 958 477 librorum
980 420 1096 478 mutari
1115 419 1153 478 ad

98 570 102 578 ,
148 508 315 582 exemplum
342 506 404 565 IIII
427 519 507 564 IIIII
536 507 576 565 28
604 507 738 581 pulsetur
769 509 805 565 ab
837 502 956 566 boste'
1035 501 1077 566 57
1111 507 1154 566 Iu·

148 597 296 662 claudum,
325 594 370 653 uti
397 597 444 653 eet
465 593 512 652 III
534 596 606 654 186
638 596 744 654 doute
765 596 856 668 officit
872 613 961 670 pare,
984 595 1090 671 putavi
1112 595 1153 653 la-

147 683 241 741 tuisse
263 683 296 741 in
313 683 374 742 Nee
396 677 456 742 tau‘r
473 682 626 740 librorum.
740 677 781 741 66
794 685 862 756 pati
880 681 1020 741 dederam
1037 682 1152 759 pridem

148 789 201 846 pro
221 773 290 846 dati,
313 771 345 828 in
366 770 445 830 hune
468 788 595 847 aeneum,
619 763 710 829 ‘haud
732 773 865 847 gravato,
889 774 1033 847 quantum
1056 770 1151 846 digui-

147 861 195 917 tas
222 860 388 933 pateretur,
415 859 495 917 ultro
521 858 633 917 multoe
661 852 855 934 demerebas',
882 865 913 917 ot
940 858 977 917 de
1004 859 1153 918 locutione

148 948 321 1005 antestabar
343 946 459 1005 Helnsii
481 946 669 1024 Adversaria,
691 966 719 1021 p.
740 948 813 1007 537.
924 959 989 1006 VIII
1011 942 1056 1006 23
1079 949 1153 1020 quoa

148 1039 174 1093 et
185 1039 319 1107 praestat
337 1034 516 1109 explieatum
538 1052 597 1093 non
619 1034 758 1095 habebat.
871 1029 1087 1094 botaream
1109 1035 1152 1094 vi·

149 1122 259 1181 tioeum
277 1122 404 1197 videtur,
417 1140 551 1198 perpura,
569 1124 706 1182 dirimam
723 1140 784 1181 non
801 1122 996 1182 satisfaoiunt.
1110 1118 1151 1182 67

144 1214 283 1284 peteutem
313 1211 397 1268 libri:
424 1215 527 1284 poteus
552 1211 642 1285 paulo
673 1211 852 1286 singularius
880 1212 1019 1286 frequens
1048 1214 1096 1270 aet
1122 1211 1153 1270 in

148 1299 445 1372 Metamorphosibue‚
468 1298 532 1356 IIII
556 1300 618 1358 325
642 1298 732 1356 XIIII
752 1300 824 1359 657.

235 1386 300 1445 Lib.
315 1386 346 1444 II
364 1399 391 1445 II
410 1381 452 1445 91
475 1386 545 1444 libri
564 1388 638 1446 alteru
656 1404 796 1460 quamque
815 1386 887 1460 (qua
904 1405 1000 1460 quara
1020 1387 1151 1460 quaqua)

147 1475 270 1533 terreto:
293 1475 353 1533 fuit
370 1471 522 1549 unruoun,
541 1473 565 1543 Q
584 1474 695 1532 lectum
712 1493 766 1549 pro
786 1472 821 1533 0.
872 1468 959 1532 ‘hano
976 1473 1056 1533 diam
1074 1475 1153 1534 oolet

147 1579 219 1636 prae
242 1562 307 1637 illa,
335 1581 394 1636 qua
416 1562 448 1618 in
469 1562 549 1619 bello
571 1561 739 1620 Pannonico
761 1562 826 1636 ipso
850 1565 1025 1621 ornamenta
1047 1563 1151 1622 triurn-

146 1648 247 1723 phalia
271 1648 390 1707 decreta
412 1642 502 1707 eunt'.
555 1648 694 1725 Graeber,
718 1649 838 1719 Quaeri.
863 1648 915 1709 Or.
931 1671 958 1725 p.
973 1664 1043 1710 xlx.

239 1749 294 1795 IIII
309 1733 327 1796 7
343 1737 593 1812 Hamburgeneis:
608 1741 719 1796 uestros
732 1743 784 1797 tua
797 1755 828 1797 e.
842 1743 894 1797 tua
906 1756 1024 1812 semper.

147 1837 197 1883 VII
220 1819 241 1882 5
262 1824 333 1882 libri
355 1827 439 1883 timor
460 1828 529 1900 ipse.
583 1825 845 1886 111113uostrae
867 1827 902 1885 de
921 1829 1034 1900 purptte
1057 1843 1152 1894 auae,

150 1917 244 1970 tumor
265 1929 363 1971 rerum
386 1912 465 1987 apud
488 1911 671 1989 Ciceronem,
695 1916 822 1973 tumidae
843 1916 939 1974 uudae
960 1914 1008 1972 III
1031 1926 1083 1973 vn
1104 1916 1152 1974 28.

258 1995 302 2058 24
329 2000 497 2084 emendavit
524 2001 646 2076 pulchre
674 2000 806 2066 Ellisiue.
918 2015 980 2061 VIII
1011 1999 1050 2060 ll
1084 2002 1154 2060 libri

148 2086 262 2160 Quanta
291 2090 406 2154 meridi,
444 2088 560 2162 Quauta
586 2107 607 2147 a
633 2094 659 2147 te
690 2093 791 2148 ruerat.
846 2091 942 2149 restat
970 2091 1151 2164 corruptela.

253 2188 277 2233 x
299 2169 343 2234 45
369 2175 439 2233 libri
461 2177 530 2249 Ipse
556 2178 670 2249 quidem
692 2181 764 2236 eerte
788 2169 900 2256 (certo).
1011 2172 1055 2236 49
1084 2178 1154 2237 libri

147 2265 351 2322 celeberrimua
691 2274 699 2287 “

86 2423 89 2429 ¹
235 2351 300 2410 Lib.
315 2350 388 2409 ΠΙΙ
409 2346 471 2410 126
494 2351 565 2410 libri
586 2352 667 2424 falsu
689 2353 761 2411 tuttt.
798 2353 852 2412 luit
867 2371 923 2427 pro
941 2371 985 2426 oo,
1008 2354 1090 2428 quod
1108 2357 1154 2412 ost

147 2440 242 2514 apuu,
275 2439 387 2498 dietum
417 2444 498 2514 puto.
553 2441 661 2500 diluere
692 2443 811 2516 utmeu,
848 2442 956 2499 diluere
988 2445 1014 2499 et
1044 2443 1154 2514 fatuum

147 2545 206 2586 esse
237 2529 336 2587 dooere
367 2531 437 2586 aunt
467 2527 547 2602 apud
576 2525 760 2602 Ciceronem,
793 2529 871 2588 tuere
901 2531 1028 2588 iurantes
1057 2547 1155 2590 errore

147 2615 226 2689 apud
253 2615 320 2676 Val.
348 2615 496 2677 Flaccum.
607 2628 634 2673 II
662 2611 682 2674 2
714 2615 784 2673 libri
809 2619 1015 2690 perveniatque
1041 2636 1154 2691 preoor.

257 2698 300 2760 23
337 2703 486 2778 antiquior
521 2702 604 2760 nulla
640 2703 786 2778 scriptura
817 2707 937 2764 servata
969 2707 1028 2781 eet,
1065 2725 1154 2781 quam

147 2788 254 2849 oodioie
276 2788 409 2865 ‘Hamb.,
441 2790 492 2864 qui
520 2793 632 2863 eteutp.
663 2791 694 2848 id
726 2795 826 2851 ortum
856 2792 949 2850 finaeo
979 2810 1087 2852 oenaao
1119 2813 1155 2852 ex

147 2882 281 2953 speretque
317 2896 384 2935 oum
414 2877 586 2953 compendio
624 2879 757 2955 syllabae
790 2897 855 2953 per.
908 2879 934 2939 ie
967 2880 1059 2939 oodex
1091 2882 1154 2957 ipse

147 2966 199 3023 ubi
227 2965 371 3039 seriptum
397 2984 553 3041 perperam
580 2985 597 3025 ο
623 2967 707 3042 proi
730 2968 936 3044 corrigendum
959 2971 1038 3045 orat,
1066 2972 1102 3029 ut
1124 2969 1155 3028 ΙΙ

147 3067 184 3111 III
209 3055 249 3112 15
272 3053 434 3125 bambone,
463 3056 504 3113 28
527 3056 599 3128 soto,
621 3057 633 3114 i
655 3055 801 3131 singulari
822 3057 920 3114 forma
943 3056 1154 3134 euperingorit‚

148 3141 226 3216 quod
249 3140 384 3199 imitatus
408 3141 490 3200 Korn
512 3143 543 3200 ln
565 3144 699 3218 exemplo
723 3144 953 3220 lithograpbioo:
982 3145 1091 3205 efferta
1111 3144 1155 3203 ita

148 3233 194 3288 est
216 3229 315 3304 priore
338 3232 418 3288 certe
440 3230 505 3289 looo
529 3230 625 3306 figura
642 3231 762 3290 litterae
780 3251 813 3308 p,
835 3250 968 3306 nonque
982 3232 1046 3307 ipse
1061 3233 1153 3292 Ham·

147 3316 316 3393 burgeneiS,
345 3317 409 3393 sed,
436 3321 522 3394 puto,
550 3318 683 3377 eiusdem
705 3320 769 3377 foro
792 3320 859 3380 aovi
881 3319 995 3379 oodioes
1019 3323 1152 3380 utuntur.

147 3404 303 3462 librarium
316 3408 416 3464 autem
431 3407 564 3482 suspicor
582 3410 593 3467 t
611 3407 773 3466 reddidisse
788 3407 867 3482 quod
875 3425 932 3481 per
946 3411 1020 3468 erat.

148 3487 190 3552 83
213 3492 283 3551 libri
305 3494 377 3552 atter
399 3499 432 3554 ut
455 3497 575 3554 euobis.
679 3507 732 3554 IIII
757 3491 819 3554 108
842 3494 913 3553 libri
929 3501 1016 3569 potat
1037 3494 1150 3570 (portet)
