2386 3892
91 182 156 246 310
498 182 689 233 FASTORUM

224 347 345 408 Obstitit
367 348 398 407 in
421 345 516 406 media
540 345 661 406 candida
685 344 772 406 turba
795 347 861 406 via.

180 434 299 495 Flamen
322 437 352 495 in
376 435 512 512 antiquae
537 433 636 494 lucrum
660 432 812 511 Robiginis
836 432 913 512 ibat,

222 522 295 583 Exta
319 524 399 583 canis
422 522 570 600 ssammis,
594 528 659 581 exta
683 522 806 582 daturus
829 525 909 582 ovis.

178 611 318 671 Protinus
342 613 476 687 accessi,
500 612 575 670 ritus
598 626 635 670 ne
660 611 778 670 nescius
801 626 914 670 essem.

113 713 164 760 910
224 698 322 759 Edidit
345 699 417 758 baec
439 697 546 759 flamen
569 696 679 777 verba,
703 696 849 778 Quirine,
874 707 959 761 tuus:

179 784 302 866 ‘Aspera
324 785 460 865 Robigo,
484 803 587 864 parcas
611 785 774 846 Cerialibus
797 784 916 867 herbis,

223 875 392 935 Ettremat
414 877 443 934 in
468 892 582 936 summa
605 873 667 935 leve
691 891 833 934 cacumen
856 874 962 935 humo.

180 965 226 1026 Tu
249 971 311 1023 sata
334 961 481 1023 sideribus
505 962 577 1022 caeli
600 964 711 1023 nutrita
734 962 859 1023 secundi

225 1051 389 1130 Crescere,
412 1050 482 1110 dum
505 1051 576 1110 fiant
600 1050 723 1111 lalcibus
747 1059 835 1131 apta,
860 1053 956 1112 sinas.

115 1153 165 1201 915
182 1139 230 1199 Vis
254 1147 303 1199 tua
327 1157 385 1199 uon
410 1138 482 1198 levis
505 1148 568 1199 est:
600 1156 675 1217 quae
698 1149 731 1199 tu
755 1139 903 1200 frumenta
926 1140 1043 1210 notasti,

224 1227 354 1288 Maestus
377 1230 408 1286 in
431 1229 547 1287 amissis
570 1227 618 1286 illa
641 1226 763 1287 colonus
786 1226 892 1288 habet.

181 1317 242 1376 Nec
265 1318 345 1376 venti
368 1324 482 1376 tanturn
506 1315 608 1375 Cereri
631 1333 782 1394 uocauere,
806 1333 861 1375 nec
884 1314 1011 1394 imbres,

225 1404 286 1465 Nee
309 1406 351 1464 sic
375 1421 539 1464 marmoreo
563 1402 652 1481 pallet
675 1403 778 1464 adusta
801 1403 886 1483 gelu,

182 1494 353 1572 Quantum,
377 1494 402 1552 si
425 1491 538 1552 culmos
561 1491 647 1551 Titan
670 1491 817 1552 incalfacit
840 1491 932 1552 udos.

116 1594 166 1642 999
226 1581 309 1641 Τ999
333 1581 415 1640 locus
439 1590 484 1640 est
506 1582 590 1658 irae,
613 1580 677 1640 diva
700 1579 852 1660 timenda,
875 1587 962 1641 tuae.

181 1669 293 1747 Parce,
317 1686 445 1748 precor,
469 1668 647 1746 scabrasque
665 1686 770 1728 manus
792 1686 810 1728 a
828 1667 976 1729 messibus
998 1667 1071 1729 auler

226 1756 304 1816 Neve
328 1774 402 1816 noce
427 1755 535 1835 cultis;
559 1773 646 1834 posse
669 1773 777 1816 nocere
801 1763 846 1816 sat
869 1764 932 1817 est.

182 1844 242 1904 Nec
266 1852 384 1903 teneras
408 1851 545 1923 segetes,
569 1844 619 1904 sed
639 1843 746 1905 durum
765 1843 946 1923 amplectere
969 1845 1071 1904 terrum

227 1931 370 2010 Quodque
394 1941 493 2008 potest
515 1931 587 1992 alios
610 1932 757 2012 perdere,
779 1931 871 2011 perde
895 1935 994 2012 prior.

116 2033 167 2081 995
182 2019 287 2080 Utilius
311 2019 423 2097 gladios
447 2029 476 2080 et
499 2019 556 2080 tela
580 2023 715 2081 nocentia
738 2037 860 2100 carpes;

226 2107 272 2167 Nil
296 2125 371 2185 opus
395 2116 440 2167 est
464 2107 543 2187 illis,
567 2111 625 2169 otia
648 2108 777 2169 mundus
800 2110 877 2187 agit.

183 2196 303 2256 Sarcula
327 2214 405 2256 nunc
430 2195 582 2275 durusque
604 2196 709 2257 bidens
732 2205 762 2257 et
784 2214 886 2258 vomer
909 2196 1055 2274 aduncus,

226 2285 315 2345 Ruris
339 2302 431 2364 opes,
456 2287 590 2364 niteant;
612 2287 748 2363 inquinet
770 2302 850 2345 arma
873 2287 966 2346 situs.

183 2374 370 2451 Conatusque
395 2373 500 2451 aliquis
524 2374 626 2450 vagina
649 2372 759 2433 ducere
783 2373 913 2451 terrum,

117 2476 168 2523 930
227 2465 386 2522 Astrictum
411 2461 496 2538 longa
520 2463 627 2520 sentiat
649 2479 716 2521 esse
738 2479 837 2521 mora.

183 2552 219 2610 lt
242 2558 275 2610 tu
299 2568 336 2610 ne
359 2550 433 2610 viola
457 2547 617 2609 Cererem!
651 2567 827 2628 semperque
851 2548 973 2611 colonus

228 2638 349 2698 Absenti
372 2639 465 2716 possit
488 2636 601 2696 solvere
625 2644 690 2696 vota
713 2631 800 2698 tibi.’

184 2724 322 2785 Dixerat:
355 2744 371 2785 a
395 2726 497 2786 dextra
520 2725 595 2785 uillis
620 2724 746 2785 mantele
770 2723 874 2785 solutis

228 2812 360 2890 Cumque
384 2816 458 2873 meri
481 2821 581 2891 patera
605 2817 680 2873 turis
704 2830 805 2873 acerra
829 2814 902 2873 tuit.

118 2912 168 2960 935
183 2899 262 2960 Tura
286 2900 359 2960 locis
383 2903 543 2979 vinumque
566 2902 669 2980 dedit,
692 2900 840 2979 fibrasque
865 2900 1012 2982 bidentis,

227 2988 396 3065 Turpiaque
420 2987 565 3049 obscenae
588 3023 623 3033 -
645 2990 772 3050 vidimus
795 3021 828 3030 -
853 2998 921 3050 exta
945 2993 1041 3051 canis.

183 3078 258 3138 Tum
278 3075 349 3135 mihi
364 3070 430 3136 ‘cur
444 3076 531 3136 detur
546 3080 637 3138 sacris
655 3094 730 3138 nova
744 3079 879 3159 victima,
893 3081 1013 3157 quaeris
1022 3075 1050 3139 'l’
1064 3106 1085 3116 -

228 3165 416 3234 Quaesieram
442 3199 474 3206 —
499 3160 633 3225 ‘causam
656 3160 791 3244 percipe’
815 3165 922 3227 llamen
947 3169 1004 3228 ait.

184 3248 251 3312 ‘Est
276 3252 384 3332 Canis,
408 3253 533 3313 lcarium
558 3253 660 3313 dicunt
673 3301 681 3334 ,
705 3271 763 3331 quo
788 3255 886 3314 sidere
909 3263 991 3316 moto

117 3351 168 3399 949
227 3340 316 3400 Tosta
340 3343 401 3401 silit
425 3341 533 3420 tellus,
557 3343 796 3420 praecipiturque
820 3360 925 3422 seges.

182 3427 240 3486 Pro
264 3446 335 3488 eane
360 3428 475 3488 sidereo
499 3432 581 3490 canis
604 3429 651 3488 bic
675 3431 837 3509 imponitur
860 3447 946 3510 arae,

227 3513 264 3573 Et
288 3532 378 3593 quare
403 3526 526 3596 pereat,
550 3517 590 3577 nil
614 3517 670 3577 nisi
694 3534 801 3578 nomen
825 3515 949 3580 habet.'
