2408 3900
152 165 216 229 144
556 165 604 216 EX
622 164 742 216 PONTO

281 329 356 410 lilo,
379 347 438 408 quo
461 327 605 407 templum
627 335 748 406 pectore
772 344 890 405 semper
911 324 1018 388 habet.

190 429 224 480 55
239 417 362 496 Quaque
384 418 475 497 ierit,
498 415 568 477 ielix
590 415 737 476 adiectum
761 412 913 493 plausibus
937 431 1042 495 omen,

284 505 417 583 Saxaque
440 506 547 565 roratis
571 502 727 564 erubuisse
750 505 843 563 rosis.

237 593 378 654 Protinus
401 600 523 671 argento
546 609 648 652 versos
671 592 814 651 imitantia
837 606 939 650 muros

281 680 410 741 barbara
433 698 500 742 cum
523 681 611 759 pictis
634 677 741 758 oppida
764 676 822 739 lata
844 679 933 756 viris,

239 767 432 848 Fluminaque
457 775 487 829 et
509 775 625 829 montes
648 768 732 827 etin
755 765 821 827 altis
844 764 957 844 proelia
980 762 1062 826 silvis

189 868 223 918 40
281 857 429 936 Armaque
453 873 521 918 cum
543 854 611 917 telis
633 857 665 915 in
688 860 771 915 strue
795 855 884 914 mixta
907 871 978 934 sua,

142 957 145 962 '
238 944 340 1024 Deque
362 954 575 1023 tropaeorum,
599 943 677 1022 quod
701 941 746 1003 sol
769 940 952 1021 incenderit,
976 959 1050 1002 auro

281 1032 378 1093 Aurea
400 1031 524 1094 Romani
546 1038 624 1092 tecta
647 1031 740 1091 fuisse
763 1030 836 1092 fori.

238 1120 354 1198 Totque
378 1118 480 1180 tulisse
505 1118 596 1180 duces
619 1119 742 1198 captivis
765 1117 862 1194 addita
886 1116 969 1178 collis
1116 1131 1160 1182 (ar)

281 1206 425 1288 Vincula,
448 1225 541 1287 paene
564 1206 658 1268 hostis
682 1214 754 1285 quot
777 1208 848 1266 satis
871 1221 937 1266 esse
961 1205 1034 1267 fuit.

189 1309 224 1358 45
238 1295 362 1357 Maxima
384 1313 453 1375 pars
476 1295 583 1357 horum
606 1297 695 1356 vitam
718 1296 892 1373 veniamque
916 1292 1068 1376 tulerunt,

282 1384 315 1446 in
339 1383 447 1465 quibus
471 1393 501 1445 et
523 1382 593 1445 belli
616 1400 730 1443 summa
753 1390 901 1461 caputque
923 1380 1013 1443 Bato.

238 1472 298 1533 Cur
322 1491 386 1551 ego.
400 1490 488 1550 posse
511 1489 616 1551 negem
640 1472 734 1531 minui
756 1469 829 1531 mihi
851 1471 983 1532 numinis
1005 1471 1101 1552 iram,

282 1559 356 1621 Cum
379 1560 492 1620 videam
515 1561 595 1621 mitis
618 1557 753 1620 hostibus
776 1575 843 1618 esse
866 1553 962 1618 deos?

237 1646 364 1708 Pertulit
386 1646 434 1708 hic
457 1646 536 1707 idem
559 1646 646 1708 nobis
658 1694 667 1727 ,
691 1644 865 1707 Germanice
878 1692 887 1726 ,
910 1663 1032 1726 rumor,

190 1747 223 1796 5ο
283 1733 397 1814 Oppida
420 1732 475 1795 sub
499 1734 585 1796 titulo
608 1736 736 1796 nominis
758 1736 818 1794 isse
841 1735 903 1814 toi,

238 1823 333 1902 Atque
357 1840 392 1883 ea
414 1830 443 1884 te
467 1831 570 1884 contra
593 1840 649 1884 nec
671 1823 750 1882 muri
772 1821 871 1902 mole,
893 1838 950 1882 neo
973 1823 1083 1903 armis,

282 1910 343 1971 Nec
367 1913 439 1971 satis
460 1912 579 1989 ingenio
603 1917 666 1972 tuta
689 1910 781 1971 fuisse
804 1909 878 1971 loci.

238 1998 274 2059 Di
296 1997 350 2058 tibi
373 1998 444 2059 dent
467 1997 580 2061 annosi
617 2016 634 2059 a
656 2007 686 2061 te
709 2015 777 2059 uam
800 2004 899 2058 cetera
922 2015 1041 2079 sumes,

199 2136 202 2143 .
284 2085 350 2146 Sint
373 2084 459 2147 modo
483 2089 587 2148 virtuti
609 2095 742 2165 tempora
765 2085 851 2164 ionga
874 2092 960 2147 tuae.

191 2187 224 2236 55
240 2173 325 2246 Quod
344 2191 468 2255 precor,
492 2177 624 2236 eveniet.
653 2180 724 2235 sunt
742 2173 882 2252 quiddam
902 2173 1021 2235 oracula
1040 2182 1162 2236 vatum:

283 2261 356 2323 Nam
379 2262 453 2324 deus
476 2266 589 2342 optanti
611 2279 754 2342 prospera
779 2262 861 2340 signa
884 2261 983 2324 dedit.

238 2350 280 2411 Te
304 2368 422 2430 quoque
445 2353 587 2413 victorem
610 2351 750 2430 Tarpeias
773 2350 915 2411 scandere
938 2351 970 2410 in
992 2367 1081 2410 arces

283 2438 371 2499 Laeta
394 2441 543 2501 coronatis
566 2439 658 2500 Roma
681 2437 793 2499 videbit
815 2439 917 2516 equis.

239 2527 428 2606 Maturosque
451 2535 536 2608 pater
558 2529 618 2588 nati
641 2526 787 2605 spectabit
810 2524 957 2604 honores,

191 2627 225 2676 51)
285 2614 395 2677 Gaudia
417 2617 608 2695 percipiens,
632 2632 706 2694 quae
730 2613 811 2675 dedit
833 2616 898 2693 ipse
921 2614 1002 2676 suis.

239 2701 299 2763 iam
322 2720 402 2763 nuno
425 2702 498 2765 baec
521 2721 538 2764 a
560 2720 630 2784 me,
652 2704 793 2764 iuvenum
816 2700 954 2780 belloque
976 2711 1108 2784 togaque

283 2789 430 2870 Maxime,
453 2790 530 2852 dicta
549 2790 604 2853 tibi
625 2792 802 2851 vaticinante
826 2797 912 2850 nota.
980 2853 985 2860 ,

240 2875 325 2937 Hunc
341 2894 459 2956 quoque
478 2877 658 2941 carminibus
673 2879 800 2939 reseram
818 2877 946 2940 sortasse
960 2879 1160 2960 triumphum,
1198 2950 1201 2955 .

285 2963 419 3026 Sufficiet
441 2968 552 3027 nostris
575 2969 601 3028 si
622 2966 710 3028 modo
734 2968 798 3027 vna
815 2964 917 3047 malis;

191 3065 224 3116 55
239 3050 377 3113 imbuero
401 3052 554 3132 Scythicas
577 3056 603 3116 si
626 3073 684 3115 non
708 3055 793 3134 prius
815 3056 880 3134 ipse
903 3055 1043 3136 sagittas,
1119 3068 1159 3116 (ast

11 3178 37 3253 q
283 3139 505 3220 Abstuleritque
529 3143 612 3204 ierox
634 3141 692 3205 hoc
716 3150 805 3222 caput
827 3159 898 3202 ense
922 3141 1030 3205 Getes.

239 3229 320 3300 Quae
339 3231 365 3290 si
388 3247 435 3292 me
459 3230 537 3292 salvo
560 3230 679 3293 dabitur
701 3238 753 3292 tua
775 3230 875 3291 laurea
898 3229 1031 3311 templis,

284 3317 388 3380 Omina
410 3318 457 3382 bis
480 3319 561 3394 dices
584 3337 652 3382 vera
676 3320 769 3382 fuisse
791 3335 874 3381 mea.
