2386 3892
363 206 408 257 IV.
428 207 697 258 x111154-xv116.

161 371 207 430 Sis
232 376 438 449 argumentum
462 370 556 427 maius
569 415 578 447 ,
602 385 638 427 au
662 367 820 428 auxilium.

116 459 175 519 Nec
200 457 337 517 dubitans
361 474 435 515 oro:
468 456 519 515 sed
543 456 664 516 llumine
688 475 774 534 saepe
798 456 928 517 secundo

160 548 292 623 Augetur
316 547 404 604 remis
429 562 536 603 cursus
559 547 657 603 euntis
680 563 790 623 aquae.

118 634 153 693 Et
177 634 268 710 pudet
292 640 321 691 et
344 641 443 691 metuo
468 650 643 711 semperque
667 634 828 712 eademque
852 634 984 713 precari,

72 736 104 784 30
163 722 204 780 Nc
229 720 354 780 subeant
377 723 474 778 animo
500 721 593 780 taedia
616 722 693 780 iusta
717 731 785 781 tuo.

117 810 225 869 Verum
250 808 320 887 quid
344 805 478 867 faciam?
510 802 564 867 res
582 808 764 867 inmoderata
787 808 893 886 cupido
918 815 980 868 cst.

163 898 203 956 lia
227 899 340 955 veniam
364 898 457 976 vitio,
480 898 560 955 mitis
584 899 676 956 amice
689 942 698 975 ,
721 914 805 958 meo.

118 985 255 1046 Scribere
280 1002 366 1062 saepe
390 983 469 1043 aliud
492 986 616 1061 cupiens
639 983 759 1044 delabor
782 984 903 1045 eodem:

163 1072 240 1150 [lpsa
264 1071 361 1132 locum
385 1090 439 1150 per
462 1090 493 1131 se
516 1071 614 1131 littera
637 1081 738 1133 nostra
761 1079 846 1152 rogat
858 1071 879 1149 .]

72 1175 104 1222 35
120 1162 176 1220 Seu
202 1167 300 1219 tamen
325 1161 448 1219 allectus
471 1159 607 1219 habitura
631 1170 677 1220 est
699 1163 814 1241 gratia,
836 1179 889 1221 seu
912 1178 959 1220 me
979 1171 1035 1224 (1⁴⁴)

163 1249 240 1308 llura
264 1247 346 1308 iubet
369 1247 465 1325 gelido
488 1247 581 1307 Parca
604 1248 661 1308 sub
684 1267 737 1308 axe
761 1250 854 1308 mori:

120 1336 243 1413 Semper
267 1336 387 1395 inoblita
411 1343 543 1412 repetam
566 1342 617 1395 tua
641 1353 763 1396 munera
787 1344 903 1417 menta,

163 1424 200 1482 Et
223 1443 287 1483 mea
311 1442 358 1483 mc
382 1423 469 1482 tellus
493 1422 592 1483 audiet
616 1441 681 1483 esse
705 1433 807 1483 tuum.

119 1512 225 1572 Audiet
249 1519 279 1571 et
302 1511 381 1570 caelo
404 1513 499 1589 posita
524 1518 569 1571 est
592 1529 795 1589 quaecumque
820 1511 875 1571 sub
899 1511 978 1592 ullo,

72 1614 105 1661 40
163 1599 282 1659 Transit
305 1609 405 1659 nostra
430 1600 508 1659 leros
532 1600 668 1660 simodo
693 1598 775 1659 Musa
799 1598 905 1681 Getas,

119 1687 220 1764 Teque
245 1704 325 1746 meae
350 1705 469 1747 cansam
492 1696 732 1778 servatoremque
756 1686 880 1771 salutis,

163 1775 269 1853 Meque
293 1783 377 1835 tuum
400 1775 475 1835 libra
498 1778 577 1836 norit
601 1783 631 1836 et
654 1794 721 1837 aare
745 1779 861 1838 miuus.

487 1968 580 2040 XVI.

119 2126 242 2204 lurido,
265 2125 336 2204 quid
360 2125 474 2186 laceras
496 2126 621 2187 Nasonis
645 2130 774 2188 carmina
798 2125 902 2207 rapti?

163 2214 228 2273 Non
253 2213 328 2273 solet
351 2215 476 2290 ingeniis
500 2232 614 2274 summa
637 2233 745 2275 nocere
769 2216 849 2294 dies,

120 2301 268 2379 Famaque
291 2309 359 2380 post
383 2304 498 2361 cineres
522 2302 614 2360 maior
638 2304 739 2361 venit.
782 2310 812 2361 et
834 2302 907 2361 mibi
929 2320 1038 2364 nomen

163 2390 248 2448 Tunc
273 2407 413 2469 quoqne,
437 2407 505 2450 cum
529 2391 601 2448 vivis
625 2389 836 2448 adnumerarer
849 2435 858 2468 ,
882 2398 962 2450 erat:

91 2477 195 2538 5Cum
218 2478 295 2537 foret
319 2485 349 2536 et
371 2477 486 2537 Marsus
511 2478 667 2555 magnique
690 2474 828 2535 Rabirius
851 2479 912 2535 oris

165 2565 330 2644 lliacusque
355 2566 453 2626 Macer
476 2565 671 2643 sidereusque
695 2563 792 2623 Pedo:

121 2653 158 2713 llt
171 2701 179 2732 ,
203 2656 256 2731 qui
272 2652 423 2713 'lunonem
447 2653 582 2713 laesisset
604 2656 635 2713 in
658 2650 785 2712 Hercule
798 2699 808 2733 ,
831 2650 941 2733 Carus,

164 2742 285 2801 lunonis
310 2744 334 2801 si
358 2745 417 2801 iam
440 2760 499 2801 non
523 2759 614 2819 gener
637 2741 685 2801 ille
709 2741 806 2800 toret:

120 2830 237 2907 Quique
264 2829 345 2888 dedit
367 2828 451 2889 Latio
475 2847 594 2889 carmen
617 2828 715 2907 regale
739 2827 884 2910 Severus,

74 2931 106 2978 10
163 2917 294 2976 Etcum
318 2916 419 2977 subtili
443 2917 564 2977 Priscus
588 2925 714 2994 uterquc
738 2916 851 2978 Numa:

121 3004 238 3082 Quique
264 3004 308 3064 vel
330 3004 493 3084 imparibus
517 3007 671 3086 numeris,
689 3005 847 3084 Montana,
869 3004 916 3062 vel
939 3003 1051 3082 aequis*

166 3093 307 3172 SufficiS,
331 3101 360 3152 et
383 3095 500 3171 gemino
525 3095 655 3153 carmine
679 3112 786 3153 nomen
809 3090 918 3151 habes:

120 3179 157 3240 Et
182 3184 232 3259 qui
256 3180 419 3258 Penelopae
443 3181 609 3240 rescribere
633 3183 720 3240 iussit
741 3179 847 3238 Ulixen

164 3269 323 3328 Errantem
346 3286 432 3328 saevo
455 3286 510 3346 per
533 3269 592 3329 duo
614 3267 708 3326 lustra
731 3267 824 3345 mari,

77 3369 105 3416 15
122 3357 238 3436 Quique
268 3375 349 3416 snam
377 3356 543 3416 Triscmem
574 3354 840 3431 imperfectumque

670 3438 788 3500 dierum
929 3473 965 3486 -
987 3450 1041 3504 (nn

167 3533 305 3594 Deseruit
328 3531 418 3592 celeri
441 3537 536 3591 morte
561 3527 688 3587 Sabinus
712 3545 805 3605 opus:

832 3623 886 3680 14*
