2386 3892
90 184 157 250 312
500 183 692 236 russonum

227 349 330 410 Sidera
354 346 519 410 cedebant:
551 365 604 426 par
627 355 690 408 erat
712 349 809 409 omnis
831 345 942 409 honos.

183 437 275 516 Saepe
300 435 407 516 aliquis
430 435 526 515 solio,
550 435 628 515 quod
652 443 706 518 tu,
731 435 880 516 Saturne,
902 434 1032 516 tenebas,

134 538 168 587 to
228 526 325 585 Ausus
349 524 386 585 de
410 522 504 584 media
527 523 612 602 plebe
636 523 741 585 sedere
764 522 856 584 deus.

182 612 243 673 Neo
266 612 343 673 latus
367 611 484 673 Oceano
508 611 576 689 plus
599 629 687 691 quam
710 611 784 673 deus
808 609 919 672 ddseud
941 611 1045 690 iunxit,

227 700 337 779 Tethys
362 709 495 762 extremo
519 716 606 779 saepe
629 707 748 780 recepta
770 698 837 760 loco
859 704 923 780 est,

182 787 282 849 Donec
305 787 406 849 Honor
429 788 602 867 placidoque
626 788 735 849 decens
757 779 935 849 Reverentia
956 782 1031 846 voltu

114 934 116 937 .
228 876 358 956 Corpora
381 876 519 955 legitimis
541 878 700 956 inposuere
723 878 815 937 toris.

134 976 168 1025 25
183 963 259 1026 llinc
282 972 343 1026 sata
362 962 519 1044 Maiestas,
543 980 618 1043 quae
637 964 782 1025 mundum
798 966 945 1042 temperat
967 968 1081 1039 ornnem

228 1053 351 1131 Quaque
375 1052 421 1113 die
444 1059 532 1131 partu
555 1059 601 1113 est
624 1051 723 1133 edita,
747 1064 850 1131 magua
873 1050 947 1112 fut.

183 1139 244 1201 Nec
268 1158 350 1201 mora
363 1187 372 1220 ,
396 1139 530 1202 consedit
553 1139 649 1201 medio
673 1139 807 1201 sublimis
831 1127 955 1219 Olympo

229 1229 347 1310 Aurea,
370 1242 522 1308 purpureo
546 1229 753 1307 conspicienda
776 1229 861 1289 sinu.

185 1315 353 1378 Consedere
377 1316 464 1378 simul
487 1315 587 1377 Pudor
611 1324 641 1378 et
662 1314 780 1378 Metus.
822 1324 909 1376 omne
932 1312 1042 1374 videres

137 1417 170 1465 30
229 1405 345 1466 Numen
369 1403 404 1465 ad
427 1404 503 1464 hanc
526 1404 623 1466 cultus
646 1405 848 1482 composuisse
872 1406 959 1464 sdosss

183 1493 323 1554 Protinus
346 1495 467 1568 intravit
488 1500 603 1553 mentes
627 1498 783 1572 suspectus
806 1492 972 1552 bonorum:

229 1581 276 1642 Fit
298 1584 428 1660 pretium
451 1580 569 1660 dignis,
592 1596 648 1642 uec
670 1579 727 1641 sibi
751 1581 876 1659 quisque
900 1577 1011 1658 placet.

186 1668 239 1729 llic
264 1677 358 1730 status
380 1672 411 1730 in
435 1668 515 1729 caelo
539 1668 648 1730 multos
670 1670 833 1751 permansit
854 1669 887 1728 in
909 1682 1019 1746 anuos,

231 1756 305 1816 Dum
329 1759 428 1817 senior
452 1758 519 1817 latis
543 1756 652 1817 excidit
674 1774 741 1817 arce
764 1755 855 1817 deus.

137 1854 171 1904 35
186 1843 278 1903 Terra
302 1844 381 1903 leros
403 1851 528 1924 partus,
551 1845 689 1905 immania
711 1851 865 1924 monstra,
888 1841 1026 1920 Gigantas

231 1930 331 1992 Edidit
353 1949 479 1992 ausuros
501 1934 532 1992 in
555 1931 631 1993 lovis
654 1935 698 1993 ire
722 1932 857 1992 domum.

188 2018 280 2096 [Mille
304 2036 408 2080 manus
431 2019 489 2080 illis
512 2018 593 2081 dedit
616 2026 645 2081 et
667 2037 722 2100 pro
746 2019 884 2081 cruribus
907 2028 1035 2096 angues,

230 2106 326 2185 Atque
349 2109 389 2169 ait
412 2103 470 2167 “in
493 2125 616 2187 magnos
639 2124 720 2169 arma
742 2112 857 2168 movete
880 2099 1012 2181 deos.'']

187 2193 349 2255 Exstrnerc
372 2195 403 2255 bi
426 2203 543 2256 montes
566 2195 601 2257 ad
625 2195 722 2257 sidera
746 2204 860 2256 suntme
882 2192 1025 2273 parabant

138 2295 172 2343 40
232 2282 269 2343 Et
292 2301 430 2363 magnum
452 2282 530 2344 bello
554 2283 712 2344 sollicitare
734 2283 848 2344 lovem.
912 2318 920 2325 -

188 2370 322 2432 Fulmina
346 2373 382 2434 de
406 2371 479 2433 caeli
501 2370 644 2432 iaculatus
667 2371 800 2452 luppiter
823 2378 892 2432 arte

170 2470 173 2475 '
232 2459 326 2520 Vertit
348 2463 378 2521 in
402 2469 538 2521 auctores
561 2458 691 2538 pondera
714 2467 794 2520 vasta
818 2468 905 2519 snos.

188 2546 241 2608 His
264 2547 339 2609 bene
363 2548 498 2608 Maiestas
521 2548 610 2607 armis
634 2547 755 2608 detensa
777 2547 900 2608 deorum

233 2635 357 2717 Restat,
380 2645 410 2699 et
433 2655 469 2697 en
492 2634 542 2695 illo
565 2642 703 2714 tempore·
722 2635 801 2696 culta
824 2642 942 2696 manet.

139 2733 173 2782 45
188 2721 305 2784 Assidet
328 2725 395 2786 inde
419 2725 502 2801 lovi,
525 2722 600 2784 lovis
624 2718 833 2784 erudelissima
857 2726 978 2803 eustos,

232 2809 270 2870 Et
292 2816 423 2889 praestat
446 2814 510 2873 siue
533 2814 562 2873 vi
584 2817 700 2890 sceptra
723 2810 850 2873 tenenda
873 2805 953 2870 loti.

188 2896 274 2958 Venit
297 2905 327 2958 et
349 2900 380 2958 in
403 2907 520 2960 terras.
562 2900 719 2961 coluerunt
741 2896 886 2960 Romulus
908 2897 991 2958 illem

232 2984 269 3046 Et
292 2985 408 3066 Numa3
432 3002 500 3047 mox
523 2987 571 3048 alii
583 3035 592 3068 ,
615 2995 748 3066 tempore
772 2988 899 3065 quisque
923 3004 998 3047 suo.

188 3074 239 3135 llla
262 3074 415 3154 patrosin
439 3074 551 3135 honore
575 3077 624 3154 pio
646 3080 816 3154 matresque
839 3074 963 3148 tuetur,

141 3174 174 3222 50
232 3161 282 3223 llla
306 3178 406 3224 comes
429 3163 530 3242 pueris
553 3161 774 3241 virginibusque
799 3163 896 3223 venit.

188 3248 239 3309 llla
263 3251 346 3312 datos
369 3251 464 3312 lasces
488 3250 673 3312 commendat
695 3250 830 3330 eburque
852 3249 979 3332 curule,

234 3334 285 3398 llla
309 3342 457 3400 coronatis
480 3339 536 3399 alta
560 3338 721 3418 triumphat
744 3331 862 3417 equis.'

190 3423 321 3486 Finierat
342 3445 430 3488 voces
453 3425 664 3506 Polyhymnia.
706 3424 783 3486 dicta
805 3425 975 3504 probarunt

235 3510 356 3589 Clioque
380 3524 410 3574 et
434 3531 540 3574 curvae
564 3516 637 3574 scita
661 3511 761 3573 Thalia
784 3513 882 3591 lyrae.
