2386 3892
380 193 426 246 IV.
445 205 505 245 xm
520 196 720 246 36-1111163.
990 191 1053 257 209

136 359 215 436 Ergo
240 376 293 436 ego
318 356 438 417 cessabo
463 375 624 435 numquam
645 375 700 436 per
723 359 853 418 carmina
875 356 971 438 laedi,

180 446 298 506 Plectar
322 452 352 505 et
375 448 492 506 incauto
517 463 633 524 semper
657 444 693 505 ab
718 442 861 523 ingenio?

136 535 215 613 Ergo
240 551 316 612 ego,
339 552 376 593 ne
400 533 549 612 scribam,
574 534 681 611 digitos
704 534 835 594 incidere
859 542 1001 614 cunctor,

88 637 124 684 20
184 622 313 700 Telaque
337 622 432 682 adhuc
456 622 599 701 demens,
623 639 697 700 quae
722 640 873 701 nocuere,
897 617 1034 701 sequor?
1094 647 1101 659 ·

138 710 181 770 ld
206 717 323 769 veteres
346 710 483 789 scopulos
506 712 614 769 iterum
639 709 777 770 devertor
800 711 934 790 stillas,

183 798 216 857 ln
241 797 349 876 quibus
372 798 494 858 oliendit
516 798 658 875 naufraga
681 801 810 877 puppiS,
834 794 951 877 aquas?

139 885 198 946 Sed
222 886 295 946 nihil
319 886 444 947 admisi:
479 885 557 946 nulla
582 895 627 945 est
650 903 714 945 mea
738 886 824 965 culpa
837 934 846 967 ,
869 886 1018 964 Tomitae,

185 974 266 1043 Quos
290 993 366 1054 ego,
390 992 457 1035 cum
480 974 544 1034 loca
567 976 623 1034 sim
646 982 744 1034 vestra
767 992 893 1053 perosus
906 1021 915 1054 ‚
938 992 1020 1034 amo.

89 1076 123 1123 25
142 1061 273 1132 Quilibet
296 1064 425 1122 excutiat
448 1065 544 1122 nostri
566 1064 745 1123 monimenta
769 1062 898 1125 laboris:

184 1148 296 1209 Littera
320 1151 355 1210 de
380 1150 461 1210 robis
485 1158 531 1210 est
553 1168 617 1209 mea
642 1158 745 1229 questa
769 1151 858 1211 nihil.

140 1238 247 1314 Frigus
271 1245 301 1297 et
324 1240 464 1297 incursus
487 1240 567 1297 omni
591 1237 626 1297 de
650 1245 733 1316 parte
758 1239 903 1299 timendos

185 1324 223 1384 Et
247 1325 324 1403 quod
348 1325 484 1404 pulsetur
507 1344 610 1386 murus
634 1324 670 1384 ab
693 1325 778 1385 hoste
791 1373 800 1406 ‚
824 1344 951 1404 queror.

139 1412 175 1474 ln
198 1413 283 1491 loca,
308 1431 366 1472 non
390 1415 546 1492 homines,
571 1415 722 1473 verissima
745 1415 868 1474 crimina
892 1414 968 1474 dixi.

93 1515 128 1563 30
189 1499 319 1579 Culpatis
344 1509 475 1562 vestrum
498 1519 549 1560 vos
574 1519 691 1580 quoque
715 1519 802 1580 saepe
826 1501 937 1563 solum.

141 1588 229 1649 Esset
251 1597 395 1668 perpetuo
420 1607 471 1650 sua
496 1607 584 1668 quam
607 1589 734 1649 vitabilis
757 1590 868 1670 Asere,
1002 1601 1057 1652 (111)

187 1677 265 1737 Ausa
289 1687 334 1737 est
358 1678 501 1756 agricolae
524 1677 607 1738 Musa
630 1677 737 1737 dooere
761 1681 859 1758 senis,

142 1765 180 1825 Et
204 1765 301 1824 luerat
324 1769 440 1843 genitus
464 1774 566 1846 terra,
590 1768 642 1844 qui
665 1768 806 1846 scripsit,
829 1769 859 1827 in
883 1766 948 1827 illa:

186 1853 330 1913 intumuit
353 1857 411 1914 vati
433 1872 488 1915 nec
512 1862 608 1914 tamen
631 1855 723 1915 Ascra
746 1873 817 1915 suo.

93 1954 127 2004 35
144 1942 217 2011 Quis
240 1943 365 2019 patriam
390 1943 508 2003 sollerte
533 1945 624 2021 magis
648 1942 750 2003 dilexit
773 1939 881 2004 Ulixe?

187 2028 249 2089 lloc
273 2037 370 2090 tamen
394 2033 537 2108 asperitas
560 2031 657 2091 indice
682 2039 749 2091 nota
773 2031 829 2092 loci
853 2039 915 2092 est.

142 2117 208 2177 Non
231 2117 312 2197 loca,
341 2118 392 2178 sed
416 2137 514 2179 mores
537 2121 657 2198 seriptis
682 2122 794 2179 vexavit
817 2121 923 2180 amaris

189 2205 329 2283 Scepsius
353 2206 522 2287 Ausonios,
545 2216 668 2285 actaque
692 2206 783 2266 Roma
806 2226 857 2268 rea
880 2214 943 2268 est:

144 2293 228 2353 Falsa
251 2303 348 2354 tamen
372 2313 457 2373 passa
481 2303 528 2355 est
550 2312 641 2372 aequa
666 2296 795 2353 convicia
819 2304 935 2375 mente,

95 2396 129 2443 40
176 2381 279 2442 Ohluit
301 2386 416 2442 auctori
439 2401 493 2443 nee
516 2384 579 2443 iera
601 2381 701 2459 lingua
725 2398 796 2441 suo.

144 2470 182 2530 lt
205 2470 298 2530 malus
321 2473 470 2549 interpres
492 2469 595 2549 populi
617 2469 689 2529 mihi
712 2469 840 2528 concitat
864 2470 954 2548 iram,

189 2557 281 2636 inque
305 2576 414 2619 novum
438 2561 550 2619 crimen
575 2558 703 2619 carmina
727 2565 827 2616 nostra
850 2563 950 2617 vocat.

144 2646 216 2705 Tam
240 2646 309 2706 lelix
333 2649 466 2727 utinam,
491 2665 579 2726 quam
602 2655 722 2725 pectore
746 2642 888 2705 candidus
912 2642 1025 2705 essem!

188 2733 277 2794 Extat
299 2735 394 2795 adhuc
418 2753 504 2795 nemo
528 2736 646 2796 saueius
669 2750 720 2793 ore
744 2751 827 2795 meo.

96 2835 129 2883 45
145 2822 249 2903 Adde,
273 2823 352 2901 quod
375 2823 489 2902 illyrica
514 2825 539 2883 si
562 2824 620 2881 iam
642 2823 707 2900 pice
731 2823 844 2900 nigrior
868 2840 982 2902 essem,

190 2909 255 2969 Non
280 2911 439 2972 mordenda
463 2911 535 2970 mihi
558 2909 645 2971 turba
669 2909 762 2970 fidelis
786 2918 867 2973 erat.

145 2997 272 3057 Molliter
295 3017 311 3059 a
336 2999 417 3061 vobis
441 3018 506 3059 mea
528 3016 593 3059 sors
618 3007 761 3079 excepta,
784 2999 933 3076 Tomitae,

189 3085 262 3145 Tam
286 3090 372 3148 mites
396 3087 499 3147 Graios
521 3088 632 3148 indicat
655 3105 719 3148 esse
743 3088 838 3146 viros.

146 3174 225 3234 Gens
249 3193 312 3235 mea
336 3176 466 3255 Paeligni
488 3177 629 3254 regioque
653 3174 814 3234 domestica
837 3169 938 3231 Sulmo

97 3275 129 3322 50
189 3262 255 3321 Non
278 3267 374 3341 potuit
397 3265 507 3324 nostris
529 3262 625 3322 lenior
648 3279 713 3321 esse
737 3259 837 3318 malis.

146 3350 240 3419 Quem
264 3354 312 3410 vix
335 3350 476 3411 incolumi
499 3353 636 3428 cuiquam
660 3347 798 3424 salvoque
822 3344 952 3426 daretis,

191 3438 219 3498 ls
243 3439 329 3499 datus
353 3459 369 3498 a
392 3439 474 3499 vobis
498 3447 543 3498 est
566 3435 637 3496 mihi
661 3451 757 3512 nuper
779 3433 891 3494 honor.

148 3526 234 3586 Solus
258 3527 353 3587 adhuc
378 3544 432 3603 ego
456 3543 523 3585 cum
546 3523 652 3584 vestris
675 3523 804 3582 inmunis
827 3524 858 3582 in
882 3523 960 3604 οτίε,
1006 3533 1062 3582 (111)

109 3634 190 3675 ovm.
217 3637 261 3679 111,
873 3628 906 3677 14
