2386 3892
472 177 494 225 Ι.
514 178 662 227 529-699.
1005 172 1070 238 229

200 339 237 398 Et
260 346 373 399 vastum
398 345 479 397 motu
503 336 715 397 conlabefactat
738 357 830 398 onius.

157 426 242 497 Quod
265 426 354 486 simul
377 442 513 485 eversum
537 434 582 484 est
594 472 603 504 ‚
627 425 725 503 fragor
749 426 868 486 aethera
891 429 999 487 terruit

701 516 815 595 ipsum,

199 595 318 680 lotaque
342 600 476 661 subsedit
498 601 628 679 pondere
653 602 738 662 molis
761 602 885 663 hunius.

154 691 253 750 Prima
277 698 373 750 movet
396 690 490 749 Cacus
513 689 616 749 collata
635 689 747 768 proelia
770 689 890 770 dextra,

89 793 140 840 570
200 778 332 856 Rernque
356 778 438 837 lerox
462 779 541 837 saxis
565 776 774 855 stipitibusque
797 780 890 856 gerit.

159 866 232 937 Quis
257 866 308 926 ubi
331 866 372 925 nil
395 866 513 944 agitur,
536 867 647 943 patrias
670 866 744 925 male
768 866 853 926 sortis
877 867 911 925 ad
935 872 1013 925 artes

201 954 359 1032 Confugit,
383 962 412 1013 et
435 953 566 1014 flammas
588 971 639 1014 ore
664 961 787 1014 sonante
811 957 917 1014 vomit.

157 1042 235 1113 Quas
260 1043 397 1120 quotiens
421 1041 527 1119 proflat
540 1087 549 1121 ,
574 1044 686 1119 spirare
709 1040 847 1121 Typhoea
870 1041 973 1102 credas

201 1130 238 1189 Et
260 1129 395 1208 rapidum
419 1129 548 1189 Aetnaeo
572 1129 670 1207 fulgur
694 1128 730 1189 ab
753 1131 821 1208 igne
843 1133 916 1190 iaci.
960 1175 961 1178 ,

91 1231 143 1279 575
158 1218 290 1296 Occupat
312 1217 448 1287 Alcides,
478 1217 661 1295 adductaque
686 1217 764 1276 clava
788 1218 912 1278 trinodis

200 1305 257 1365 Ter
281 1314 385 1384 quater
409 1304 523 1365 adversi
546 1304 623 1365 sedit
646 1307 676 1364 in
700 1323 751 1364 ore
775 1307 847 1365 viri.

156 1393 207 1452 llle
231 1393 330 1473 cadit,
354 1395 520 1471 mixtosque
543 1394 634 1452 vomit
657 1409 725 1452 cnm
749 1394 890 1471 sanguine
914 1393 1026 1471 itrnros,

200 1481 238 1540 Et
259 1481 318 1541 lato
342 1484 472 1541 moriens
495 1487 615 1558 pectore
640 1480 750 1558 plangit
772 1481 911 1541 humum.

157 1568 289 1630 lmnrolat
312 1588 348 1629 ex
371 1569 428 1628 illis
451 1578 570 1629 taurum
594 1569 647 1629 tibi
660 1616 668 1647 ‚
691 1568 823 1647 luppiter
836 1614 845 1648 ‚
869 1587 960 1629 uinum

90 1671 142 1718 580
202 1656 323 1738 Victor,
346 1665 376 1717 et
400 1657 566 1717 Evandrum
590 1657 792 1734 ruricolasque
816 1665 927 1726 vocat„

157 1746 375 1824 Constituitque
399 1745 455 1805 sibi
468 1793 477 1824 ,
501 1763 575 1823 quae
599 1744 722 1804 Maxima
746 1744 855 1805 dicitur
867 1791 876 1825 ,
900 1763 995 1824 aratu,

201 1833 256 1892 Hic
280 1832 331 1893 ubi
353 1851 422 1910 pars
445 1832 533 1893 Urbis
556 1833 592 1894 de
616 1833 689 1893 bova
713 1851 820 1894 nomen
843 1833 946 1893 babet.

157 1922 217 1980 Nec
242 1928 319 1981 tacet
341 1920 469 1981 Evandri
492 1929 606 2000 mater,
629 1939 721 2000 prope
745 1929 861 2000 tempus
884 1921 1004 2000 adesse,

202 2008 328 2069 Hercule
352 2027 411 2087 quo
435 2008 523 2070 tellus
547 2011 584 2069 sit
607 2012 678 2070 satis
700 2027 753 2070 usa
777 2028 849 2071 suo.

91 2098 194 2157 58511
217 2097 286 2156 lelix
309 2105 412 2176 vates,
434 2104 469 2157 ut
492 2097 537 2158 dis
559 2099 725 2175 gratissima
747 2099 838 2178 vixit,

200 2184 336 2245 Possidet
358 2184 437 2244 hunc
460 2185 523 2246 lani
546 2188 588 2245 sic
611 2186 666 2246 dea
688 2203 789 2246 mense
813 2186 908 2248 diem.

100 2323 149 2385 13.
176 2320 381 2386 unio-ir
428 2323 476 2386 14.
499 2321 526 2385 F
543 2320 1042 2388 ENnrns·v1n1os·nx·s·c

158 2448 258 2507 ldibus
281 2451 310 2508 in
335 2451 433 2527 magni
456 2456 555 2509 castus
577 2448 654 2509 lovis
677 2447 747 2509 aede
772 2447 910 2508 sacerdos

204 2536 373 2597 Semimaris
396 2536 521 2596 {lammis
544 2538 657 2598 viscera
680 2534 751 2596 libat
774 2537 854 2596 ovis:

157 2622 339 2702 Redditaqne
363 2633 410 2685 est
432 2626 531 2685 oneris
554 2624 662 2703 populo
685 2624 835 2702 provincia
858 2625 965 2704 vestri,

91 2724 144 2771 555
203 2710 240 2772 Et
263 2721 333 2772 tuus
356 2713 488 2791 Angusto
512 2714 630 2773 nomine
653 2711 751 2772 dictus
773 2729 860 2772 avus.

157 2798 279 2878 Perlege
302 2799 459 2879 dispositas
481 2818 624 2880 generosa
647 2818 701 2879 per
724 2802 797 2860 atria
820 2817 921 2862 ceras:

201 2887 396 2966 Contigerant
417 2887 492 2949 nulli
514 2889 632 2949 nomina
655 2895 735 2949 tanta
757 2891 837 2949 viro.

157 2975 255 3036 Africa
279 2979 420 3036 victorem
443 2976 479 3036 de
504 2994 535 3037 se
559 2985 664 3059 vocat,
688 2976 761 3038 alter
783 2976 899 3037 Isauras

201 3063 259 3123 Aut
282 3063 403 3125 Cretum
426 3064 550 3126 domitas
574 3065 749 3125 testificatur
771 3082 860 3143 opes3

88 3161 140 3210 555
156 3150 242 3211 Hunc
265 3151 407 3213 Numidae
431 3153 564 3232 iaciunt,
586 3152 669 3212 illurn
691 3151 825 3212 Messana
848 3148 1026 3227 superbum:

200 3238 251 3299 llle
274 3239 452 3300 Numantina
475 3243 565 3300 traxit
587 3240 623 3300 ab
646 3237 720 3298 urbe
744 3244 860 3298 notam:

156 3325 194 3385 Et
216 3335 342 3388 mortem
366 3335 396 3389 et
419 3345 526 3388 nomen
549 3326 645 3386 Druso
668 3325 824 3386 Germania
847 3324 934 3405 lecit3

201 3414 247 3474 lle
271 3419 437 3493 miserum,
458 3417 553 3475 virtus
576 3429 665 3492 quam
688 3411 786 3472 brevis
808 3411 856 3473 illa
879 3412 951 3475 luit!

160 3501 192 3561 Si
213 3510 294 3580 petat
317 3521 333 3562 a
356 3504 464 3581 victis,
488 3507 532 3561 tot
554 3507 651 3560 sumat
673 3501 792 3561 nomina
815 3499 939 3584 Caesar,
