2408 3900
466 137 512 189 IV.
532 140 691 190 184-106.

162 302 275 380 hspera
297 299 418 361 militiae
442 301 557 362 iuvenis
577 301 738 360 certamina
761 300 842 378 lugi,

161 389 224 449 Nec
247 390 307 448 nisi
328 387 430 449 lusura
453 389 599 448 movimus
622 406 703 448 arma
727 405 833 469 manu3

162 476 248 537 Nunc
272 477 372 536 senior
395 475 551 555 gladioque
571 476 648 536 latus
671 483 816 554 scutoque
840 477 1007 559 sinistram,

163 564 308 625 Canitiem
331 563 430 642 galeae
454 564 628 642 subicioque
651 558 766 624 dham.

113 666 147 716 75
163 652 237 712 Nam
262 651 342 712 dedit
366 669 382 712 e
406 651 526 730 specula
549 659 651 713 custos
674 651 726 712 ubi
750 654 833 730 signa
855 653 1019 734 tumultus,

162 739 317 801 Induimus
341 740 456 818 trepida
478 741 617 818 protinus
640 757 721 800 arma
744 758 850 802 manu.

163 828 283 908 Hostis,
306 826 419 887 habens
443 845 530 888 arcus
553 826 725 905 imbutaque
749 827 807 888 tela
830 831 970 911 venenis,

164 916 276 977 Saevus
299 915 449 976 anhelanti
470 917 587 976 moenia
610 915 718 976 lustrat
741 934 835 997 equ03

163 1005 262 1084 thue
286 1022 375 1082 rapax
398 1004 562 1083 pecudem,
584 1022 660 1082 quae
684 1021 716 1064 se
740 1021 800 1065 non
823 1008 897 1066 texit
919 1006 1006 1086 ovili,

113 1106 149 1156 80
163 1093 222 1152 Per
246 1099 330 1172 sata,
353 1109 408 1170 per
431 1090 518 1152 silvas
542 1092 658 1169 fertque
683 1091 833 1170 trahitque
856 1093 962 1172 lupus:

164 1179 237 1260 Sic,
260 1181 377 1258 siquem
400 1179 532 1241 nondum
554 1186 706 1258 portarum
731 1197 819 1259 saepe
844 1190 999 1261 receptum

163 1267 313 1328 Barbarus
336 1269 367 1327 in
391 1269 502 1346 campis
525 1269 659 1347 repperit
681 1267 777 1328 hostis
789 1312 798 1346 ,
822 1267 928 1329 habet:

165 1356 226 1416 hut
249 1356 387 1434 sequitur
409 1362 514 1433 captus
538 1357 730 1434 coniectaque
753 1355 870 1416 vincula
893 1355 967 1416 collo

166 1444 305 1525 Accipit,
328 1451 379 1503 aut
401 1442 461 1503 telo
484 1445 566 1504 virus
589 1442 716 1504 habente
738 1444 835 1522 perit.

114 1545 152 1594 85
166 1531 222 1592 llio
245 1548 300 1610 ego
324 1530 466 1592 sollicitae
489 1530 567 1592 lateo
591 1549 684 1592 novus
707 1531 803 1592 incola
827 1532 923 1593 sedis:

165 1619 231 1681 lleu
254 1621 380 1680 nimium
403 1620 454 1680 lati
477 1629 611 1698 tempora
634 1620 714 1680 lenta
736 1618 811 1680 mei!

166 1707 203 1769 Et
227 1716 326 1768 tamen
349 1708 385 1768 ad
408 1726 550 1768 numeros
573 1709 753 1786 antiquaque
777 1726 859 1769 sacra
882 1708 995 1768 reverti

167 1794 303 1856 Sustinet
325 1796 356 1855 in
380 1798 471 1856 tantis
494 1795 610 1874 hospita
633 1794 717 1857 Musa
740 1794 841 1857 malis!

167 1883 225 1944 Sed
244 1900 360 1965 neque,
379 1884 429 1944 eui
447 1885 588 1963 recitem,
608 1885 765 1962 quisquam
783 1891 846 1963 est,
860 1901 925 1944 mea
944 1885 1089 1963 earmina,

585 1988 641 2032 nec
665 1989 716 2050 qur

111 2073 150 2122 90
168 2059 298 2121 duribus
321 2061 448 2138 accipiat
469 2058 559 2120 verbe
582 2057 686 2120 Latina
709 2061 788 2120 suis.

166 2148 232 2227 lpse
246 2148 371 2209 mihi-
392 2149 463 2227 quid
479 2149 558 2209 enim
573 2145 755 2208 laciami-
776 2147 934 2226 scriboque
949 2147 1089 2228 legeque,

168 2236 304 2315 Tutaque
327 2235 438 2297 iudicio
461 2236 560 2297 littera
579 2243 681 2296 nostra
705 2253 759 2296 suo
782 2245 845 2298 est.
899 2279 903 2285 ·

169 2323 261 2404 Saepe
284 2333 384 2385 tamen
408 2324 469 2385 dixi
492 2319 559 2385 ‘Cui
582 2341 661 2385 nunc
684 2323 758 2384 haee
777 2343 847 2385 cura
871 2321 1007 2384 laborat?

166 2412 300 2473 dumea
324 2412 515 2473 Sauromatae
538 2415 649 2491 scripta
672 2411 821 2490 Getaeque
844 2406 980 2490 legent?

112 2512 149 2563 95
169 2499 262 2578 Saepe
282 2501 374 2560 etiam
398 2499 535 2560 lacrimae
558 2518 606 2560 me
626 2507 696 2561 sunt
719 2499 868 2559 scribente
890 2499 1030 2577 prolusae
1042 2543 1051 2577 ,

167 2587 333 2667 Umidaque
356 2594 403 2648 est
424 2588 496 2649 lletu
520 2588 619 2649 littera
643 2589 718 2648 lacta
741 2604 826 2647 meo.

167 2674 286 2756 Corque
301 2683 418 2738 vetusta
437 2694 553 2757 meum,
577 2683 727 2754 tamquam
741 2693 814 2735 nova
824 2719 832 2754 ‚
851 2666 974 2735 vuln'era
992 2675 1090 2753 novit,

143 2762 262 2842 inque
286 2766 386 2825 sinum
408 2773 537 2826 maestae
561 2763 670 2825 labitur
694 2762 789 2824 imber
812 2780 923 2843 aquae,

167 2851 243 2912 Cum
267 2854 331 2914 vice
355 2859 467 2914 mutata
491 2855 542 2932 qui
564 2854 621 2913 sim
644 2852 831 2932 fuerimque,
854 2850 1014 2931 recordor,

93 2955 149 3003 100
167 2939 229 3019 Et,
252 2940 356 3002 tulerit
380 2959 438 3020 quo
462 2959 509 3002 me
533 2958 619 3001 casus
643 2947 673 3000 et
696 2940 798 3020 unde,
822 2938 919 3002 subit.

168 3029 264 3106 Saepe
288 3046 394 3089 manus
418 3029 562 3108 demens,
585 3028 691 3089 studiis
714 3030 789 3089 irata
812 3027 947 3106 sibique,

167 3116 250 3176 Misit
272 3118 304 3178 in
327 3135 449 3178 arsuros
474 3119 604 3177 carmina
628 3123 729 3177 nostra
751 3134 857 3194 rogos.

167 3205 267 3282 Atque
290 3207 353 3287 ita,
378 3205 414 3265 de
433 3204 533 3267 multis
553 3206 692 3283 quoniam
714 3221 775 3264 non
798 3202 890 3262 multa
913 3207 1092 3279 supersunt,

168 3293 245 3354 Cum
270 3296 355 3354 venia
378 3295 490 3372 facito,
515 3295 650 3371 quisquis
675 3310 729 3371 es,
752 3293 810 3352 ista
832 3287 928 3366 legas!

101 3395 152 3443 105
168 3381 217 3441 Tu
228 3399 347 3462 quoque
357 3399 417 3442 non
429 3380 547 3461 melius,
558 3399 645 3459 quam
656 3386 727 3440 sunt
737 3397 801 3440 mea
811 3386 954 3458 tempora,
964 3393 1092 3453 carmen,

166 3469 331 3532 Interdicta
354 3471 449 3551 mihi,
474 3469 617 3550 consule,
640 3468 755 3548 Roma,
779 3465 866 3527 bonil
