<?xml version="1.0" encoding="UTF-8"?>
<!DOCTYPE html PUBLIC "-//W3C//DTD XHTML 1.0 Transitional//EN"
    "http://www.w3.org/TR/xhtml1/DTD/xhtml1-transitional.dtd">
<html xmlns="http://www.w3.org/1999/xhtml" xml:lang="en" lang="en">
 <head>
  <title>
</title>
<meta http-equiv="Content-Type" content="text/html;charset=utf-8" />
  <meta name='ocr-system' content='tesseract 3.04.00' />
  <meta name='ocr-capabilities' content='ocr_page ocr_carea ocr_par ocr_line ocrx_word'/>
</head>
<body>
  <div class='ocr_page' id='page_1' title='image "./ovidiusexiterat00ovidgoog_0311.png"; bbox 0 0 2386 3892; ppageno 0'>
   <div class='ocr_carea' id='block_1_1' title="bbox 91 193 690 259">
    <p class='ocr_par' dir='ltr' id='par_1_1' title="bbox 91 193 690 259">
     <span class='ocr_line' id='line_1_1' title="bbox 91 193 690 259; baseline 0.002 -13"><span class='ocrx_word' id='word_1_1' title='bbox 91 193 157 259; x_wconf 84' lang='grc'><strong>260</strong></span> <span class='ocrx_word' id='word_1_2' title='bbox 497 195 690 247; x_wconf 77' lang='lat' dir='ltr'>PASTORUM</span> 
     </span>
    </p>
   </div>
   <div class='ocr_carea' id='block_1_2' title="bbox 131 358 1087 3600">
    <p class='ocr_par' dir='ltr' id='par_1_2' title="bbox 131 358 1087 3600">
     <span class='ocr_line' id='line_1_2' title="bbox 224 358 835 437; baseline 0.003 -19"><span class='ocrx_word' id='word_1_3' title='bbox 224 358 375 437; x_wconf 85' lang='lat' dir='ltr'><strong>Virgineas</strong></span> <span class='ocrx_word' id='word_1_4' title='bbox 399 358 493 421; x_wconf 91' lang='lat' dir='ltr'><strong>oculis</strong></span> <span class='ocrx_word' id='word_1_5' title='bbox 516 360 689 437; x_wconf 90' lang='lat' dir='ltr'><strong>opposuisse</strong></span> <span class='ocrx_word' id='word_1_6' title='bbox 713 376 835 420; x_wconf 89' lang='lat' dir='ltr'><strong>manus.</strong></span> 
     </span>
     <span class='ocr_line' id='line_1_3' title="bbox 180 447 915 527; baseline -0.003 -19"><span class='ocrx_word' id='word_1_7' title='bbox 180 448 238 508; x_wconf 78' lang='lat' dir='ltr'><strong>dra</strong></span> <span class='ocrx_word' id='word_1_8' title='bbox 261 447 332 507; x_wconf 91' lang='lat' dir='ltr'><strong>deae</strong></span> <span class='ocrx_word' id='word_1_9' title='bbox 357 455 438 507; x_wconf 91' lang='lat' dir='ltr'><strong>certe</strong></span> <span class='ocrx_word' id='word_1_10' title='bbox 461 448 584 507; x_wconf 91' lang='lat' dir='ltr'><strong>tremuit</strong></span> <span class='ocrx_word' id='word_1_11' title='bbox 605 448 739 524; x_wconf 90' lang='lat' dir='ltr'><strong>pariente</strong></span> <span class='ocrx_word' id='word_1_12' title='bbox 762 448 915 527; x_wconf 88' lang='lat' dir='ltr'><strong>ministra,</strong></span> 
     </span>
     <span class='ocr_line' id='line_1_4' title="bbox 224 533 894 596; baseline 0.001 -1"><span class='ocrx_word' id='word_1_13' title='bbox 224 533 262 595; x_wconf 87' lang='lat' dir='ltr'><strong>Et</strong></span> <span class='ocrx_word' id='word_1_14' title='bbox 284 534 377 596; x_wconf 90' lang='lat' dir='ltr'><strong>subiit</strong></span> <span class='ocrx_word' id='word_1_15' title='bbox 398 536 514 594; x_wconf 88' lang='lat' dir='ltr'><strong>cineres</strong></span> <span class='ocrx_word' id='word_1_16' title='bbox 538 536 641 594; x_wconf 87' lang='lat' dir='ltr'><strong>territa</strong></span> <span class='ocrx_word' id='word_1_17' title='bbox 663 534 779 595; x_wconf 87' lang='lat' dir='ltr'><strong>tlamma</strong></span> <span class='ocrx_word' id='word_1_18' title='bbox 802 552 894 596; x_wconf 88' lang='lat' dir='ltr'><strong>suos.</strong></span> 
     </span>
     <span class='ocr_line' id='line_1_5' title="bbox 181 620 1031 702; baseline 0.002 -19"><span class='ocrx_word' id='word_1_19' title='bbox 181 623 243 683; x_wconf 90' lang='lat' dir='ltr'><strong>lloc</strong></span> <span class='ocrx_word' id='word_1_20' title='bbox 267 622 319 683; x_wconf 91' lang='lat' dir='ltr'><strong>ubi</strong></span> <span class='ocrx_word' id='word_1_21' title='bbox 341 624 479 700; x_wconf 87' lang='lat' dir='ltr'><strong>cognovit</strong></span> <span class='ocrx_word' id='word_1_22' title='bbox 502 630 688 701; x_wconf 89' lang='lat' dir='ltr'><strong>contemptor</strong></span> <span class='ocrx_word' id='word_1_23' title='bbox 710 620 845 683; x_wconf 78' lang='lat' dir='ltr'><strong>Amulius</strong></span> <span class='ocrx_word' id='word_1_24' title='bbox 868 623 974 702; x_wconf 92' lang='lat' dir='ltr'><strong>aequi,</strong></span> <span class='ocrx_word' id='word_1_25' title='bbox 996 656 1031 667; x_wconf 96' lang='lat'><em>-</em></span> 
     </span>
     <span class='ocr_line' id='line_1_6' title="bbox 134 708 947 789; baseline -0.004 -16"><span class='ocrx_word' id='word_1_26' title='bbox 134 723 169 773; x_wconf 83' lang='lat'><strong>50</strong></span> <span class='ocrx_word' id='word_1_27' title='bbox 227 710 300 771; x_wconf 90' lang='lat' dir='ltr'><strong>Nam</strong></span> <span class='ocrx_word' id='word_1_28' title='bbox 323 717 422 789; x_wconf 91' lang='lat' dir='ltr'><strong>raptas</strong></span> <span class='ocrx_word' id='word_1_29' title='bbox 445 711 530 770; x_wconf 85' lang='lat' dir='ltr'><strong>tratri</strong></span> <span class='ocrx_word' id='word_1_30' title='bbox 552 711 646 770; x_wconf 88' lang='lat' dir='ltr'><strong>victor</strong></span> <span class='ocrx_word' id='word_1_31' title='bbox 668 708 795 771; x_wconf 92' lang='lat' dir='ltr'><strong>babebat</strong></span> <span class='ocrx_word' id='word_1_32' title='bbox 817 726 890 789; x_wconf 84' lang='lat' dir='ltr'><strong>opes</strong></span> <span class='ocrx_word' id='word_1_33' title='bbox 914 742 947 754; x_wconf 93' lang='lat'>-</span> 
     </span>
     <span class='ocr_line' id='line_1_7' title="bbox 181 796 1059 878; baseline 0 -19"><span class='ocrx_word' id='word_1_34' title='bbox 181 799 273 859; x_wconf 81' lang='lat' dir='ltr'><strong>Amne</strong></span> <span class='ocrx_word' id='word_1_35' title='bbox 296 797 379 858; x_wconf 93' lang='lat' dir='ltr'><strong>iubet</strong></span> <span class='ocrx_word' id='word_1_36' title='bbox 402 799 496 876; x_wconf 78' lang='lat' dir='ltr'><strong>mergi</strong></span> <span class='ocrx_word' id='word_1_37' title='bbox 518 799 672 876; x_wconf 80' lang='lat' dir='ltr'><strong>geminos.</strong></span> <span class='ocrx_word' id='word_1_38' title='bbox 713 797 811 858; x_wconf 90' lang='lat' dir='ltr'><strong>scelus</strong></span> <span class='ocrx_word' id='word_1_39' title='bbox 833 796 913 859; x_wconf 93' lang='lat' dir='ltr'><strong>unda</strong></span> <span class='ocrx_word' id='word_1_40' title='bbox 936 797 1059 878; x_wconf 80' lang='lat' dir='ltr'><strong>refugit,</strong></span> 
     </span>
     <span class='ocr_line' id='line_1_8' title="bbox 226 884 827 964; baseline 0 -19"><span class='ocrx_word' id='word_1_41' title='bbox 226 886 259 948; x_wconf 94' lang='lat' dir='ltr'><strong>ln</strong></span> <span class='ocrx_word' id='word_1_42' title='bbox 283 889 361 947; x_wconf 87' lang='lat' dir='ltr'><strong>sicca</strong></span> <span class='ocrx_word' id='word_1_43' title='bbox 383 887 470 964; x_wconf 87' lang='lat' dir='ltr'><strong>pueri</strong></span> <span class='ocrx_word' id='word_1_44' title='bbox 493 885 697 946; x_wconf 84' lang='lat' dir='ltr'><strong>destituuntur</strong></span> <span class='ocrx_word' id='word_1_45' title='bbox 718 884 827 946; x_wconf 88' lang='lat' dir='ltr'><strong>humo.</strong></span> 
     </span>
     <span class='ocr_line' id='line_1_9' title="bbox 180 973 916 1052; baseline 0 -18"><span class='ocrx_word' id='word_1_46' title='bbox 180 974 269 1035; x_wconf 89' lang='lat' dir='ltr'><strong>Lacte</strong></span> <span class='ocrx_word' id='word_1_47' title='bbox 293 976 360 1052; x_wconf 92' lang='lat' dir='ltr'><strong>quis</strong></span> <span class='ocrx_word' id='word_1_48' title='bbox 382 974 510 1033; x_wconf 78' lang='lat' dir='ltr'><strong>infantes</strong></span> <span class='ocrx_word' id='word_1_49' title='bbox 533 975 629 1034; x_wconf 89' lang='lat' dir='ltr'><strong>nescit</strong></span> <span class='ocrx_word' id='word_1_50' title='bbox 650 974 779 1033; x_wconf 83' lang='lat' dir='ltr'><strong>crevisse</strong></span> <span class='ocrx_word' id='word_1_51' title='bbox 802 973 916 1052; x_wconf 85' lang='lat' dir='ltr'><strong>ferino,</strong></span> 
     </span>
     <span class='ocr_line' id='line_1_10' title="bbox 159 1057 919 1140; baseline 0.008 -22"><span class='ocrx_word' id='word_1_52' title='bbox 159 1113 162 1118; x_wconf 75' lang='grc'>,</span> <span class='ocrx_word' id='word_1_53' title='bbox 224 1061 263 1122; x_wconf 84' lang='lat' dir='ltr'><strong>lit</strong></span> <span class='ocrx_word' id='word_1_54' title='bbox 284 1063 383 1140; x_wconf 87' lang='lat' dir='ltr'><strong>picum</strong></span> <span class='ocrx_word' id='word_1_55' title='bbox 407 1062 548 1139; x_wconf 84' lang='lat' dir='ltr'><strong>expositis</strong></span> <span class='ocrx_word' id='word_1_56' title='bbox 571 1078 658 1140; x_wconf 84' lang='lat' dir='ltr'>saepe</span> <span class='ocrx_word' id='word_1_57' title='bbox 682 1060 785 1122; x_wconf 88' lang='lat' dir='ltr'><strong>tulisse</strong></span> <span class='ocrx_word' id='word_1_58' title='bbox 809 1057 919 1124; x_wconf 85' lang='lat' dir='ltr'><strong>cibos?</strong></span> 
     </span>
     <span class='ocr_line' id='line_1_11' title="bbox 132 1148 942 1229; baseline -0.001 -18"><span class='ocrx_word' id='word_1_59' title='bbox 132 1160 166 1212; x_wconf 75' lang='lat' dir='ltr'><strong>dt</strong></span> <span class='ocrx_word' id='word_1_60' title='bbox 181 1148 245 1209; x_wconf 89' lang='lat' dir='ltr'><strong>Non</strong></span> <span class='ocrx_word' id='word_1_61' title='bbox 269 1166 324 1227; x_wconf 83' lang='lat' dir='ltr'><strong>ego</strong></span> <span class='ocrx_word' id='word_1_62' title='bbox 347 1156 399 1228; x_wconf 91' lang='lat' dir='ltr'><strong>te,</strong></span> <span class='ocrx_word' id='word_1_63' title='bbox 422 1156 519 1208; x_wconf 90' lang='lat' dir='ltr'><strong>tantae</strong></span> <span class='ocrx_word' id='word_1_64' title='bbox 542 1150 643 1209; x_wconf 81' lang='lat' dir='ltr'><strong>nutrix</strong></span> <span class='ocrx_word' id='word_1_65' title='bbox 666 1148 803 1210; x_wconf 79' lang='lat' dir='ltr'><strong>Larentia</strong></span> <span class='ocrx_word' id='word_1_66' title='bbox 826 1151 942 1229; x_wconf 77' lang='lat' dir='ltr'><strong>gentis,</strong></span> 
     </span>
     <span class='ocr_line' id='line_1_12' title="bbox 224 1235 1008 1317; baseline 0.001 -20"><span class='ocrx_word' id='word_1_67' title='bbox 224 1236 286 1298; x_wconf 89' lang='lat' dir='ltr'><strong>Nec</strong></span> <span class='ocrx_word' id='word_1_68' title='bbox 308 1245 420 1298; x_wconf 89' lang='lat' dir='ltr'><strong>taceam</strong></span> <span class='ocrx_word' id='word_1_69' title='bbox 443 1244 578 1314; x_wconf 86' lang='lat' dir='ltr'><strong>vestras,</strong></span> <span class='ocrx_word' id='word_1_70' title='bbox 600 1235 739 1297; x_wconf 81' lang='lat' dir='ltr'><strong>Faustule</strong></span> <span class='ocrx_word' id='word_1_71' title='bbox 762 1254 898 1317; x_wconf 89' lang='lat' dir='ltr'><strong>pauper,</strong></span> <span class='ocrx_word' id='word_1_72' title='bbox 920 1254 1008 1316; x_wconf 90' lang='lat' dir='ltr'><strong>opes.</strong></span> 
     </span>
     <span class='ocr_line' id='line_1_13' title="bbox 181 1323 955 1402; baseline 0.004 -18"><span class='ocrx_word' id='word_1_73' title='bbox 181 1325 285 1386; x_wconf 84' lang='lat' dir='ltr'><strong>Vester</strong></span> <span class='ocrx_word' id='word_1_74' title='bbox 307 1325 401 1385; x_wconf 93' lang='lat' dir='ltr'><strong>bonos</strong></span> <span class='ocrx_word' id='word_1_75' title='bbox 423 1325 544 1402; x_wconf 82' lang='lat' dir='ltr'><strong>veniet,</strong></span> <span class='ocrx_word' id='word_1_76' title='bbox 566 1341 634 1384; x_wconf 89' lang='lat' dir='ltr'><strong>cum</strong></span> <span class='ocrx_word' id='word_1_77' title='bbox 656 1323 821 1385; x_wconf 76' lang='lat' dir='ltr'><strong>Larentalia</strong></span> <span class='ocrx_word' id='word_1_78' title='bbox 843 1324 955 1387; x_wconf 85' lang='lat' dir='ltr'><strong>dicam:</strong></span> 
     </span>
     <span class='ocr_line' id='line_1_14' title="bbox 223 1410 873 1493; baseline -0.002 -19"><span class='ocrx_word' id='word_1_79' title='bbox 223 1414 370 1493; x_wconf 74' lang='lat' dir='ltr'><strong>deceptus</strong></span> <span class='ocrx_word' id='word_1_80' title='bbox 393 1415 487 1491; x_wconf 83' lang='lat' dir='ltr'><strong>geniis</strong></span> <span class='ocrx_word' id='word_1_81' title='bbox 510 1411 558 1472; x_wconf 90' lang='lat' dir='ltr'><strong>illa</strong></span> <span class='ocrx_word' id='word_1_82' title='bbox 581 1410 745 1472; x_wconf 83' lang='lat' dir='ltr'><strong>December</strong></span> <span class='ocrx_word' id='word_1_83' title='bbox 766 1410 873 1473; x_wconf 89' lang='lat' dir='ltr'><strong>habet.</strong></span> 
     </span>
     <span class='ocr_line' id='line_1_15' title="bbox 181 1499 942 1581; baseline 0.003 -21"><span class='ocrx_word' id='word_1_84' title='bbox 181 1500 283 1562; x_wconf 88' lang='lat' dir='ltr'><strong>llartia</strong></span> <span class='ocrx_word' id='word_1_85' title='bbox 306 1509 353 1561; x_wconf 90' lang='lat' dir='ltr'><strong>ter</strong></span> <span class='ocrx_word' id='word_1_86' title='bbox 375 1518 463 1560; x_wconf 88' lang='lat' dir='ltr'><strong>senos</strong></span> <span class='ocrx_word' id='word_1_87' title='bbox 486 1499 585 1578; x_wconf 92' lang='lat' dir='ltr'><strong>proles</strong></span> <span class='ocrx_word' id='word_1_88' title='bbox 607 1499 774 1561; x_wconf 80' lang='lat' dir='ltr'><strong>adoleverat</strong></span> <span class='ocrx_word' id='word_1_89' title='bbox 796 1518 906 1581; x_wconf 90' lang='lat' dir='ltr'><strong>annos,</strong></span> <span class='ocrx_word' id='word_1_90' title='bbox 940 1518 942 1522; x_wconf 65' lang='grc'><strong>“</strong></span> 
     </span>
     <span class='ocr_line' id='line_1_16' title="bbox 132 1586 950 1651; baseline 0 -1"><span class='ocrx_word' id='word_1_91' title='bbox 132 1601 165 1651; x_wconf 82' lang='grc'><strong>60</strong></span> <span class='ocrx_word' id='word_1_92' title='bbox 223 1589 261 1650; x_wconf 86' lang='lat' dir='ltr'><strong>Et</strong></span> <span class='ocrx_word' id='word_1_93' title='bbox 284 1588 405 1650; x_wconf 87' lang='lat' dir='ltr'><strong>suberat</strong></span> <span class='ocrx_word' id='word_1_94' title='bbox 426 1588 516 1649; x_wconf 88' lang='lat' dir='ltr'><strong>llavae</strong></span> <span class='ocrx_word' id='word_1_95' title='bbox 538 1590 596 1648; x_wconf 89' lang='lat' dir='ltr'><strong>iam</strong></span> <span class='ocrx_word' id='word_1_96' title='bbox 619 1606 694 1648; x_wconf 85' lang='lat' dir='ltr'><strong>nova</strong></span> <span class='ocrx_word' id='word_1_97' title='bbox 715 1586 808 1649; x_wconf 86' lang='lat' dir='ltr'><strong>barba</strong></span> <span class='ocrx_word' id='word_1_98' title='bbox 830 1605 950 1650; x_wconf 82' lang='lat' dir='ltr'><strong>comae:</strong></span> 
     </span>
     <span class='ocr_line' id='line_1_17' title="bbox 180 1675 937 1756; baseline -0.001 -18"><span class='ocrx_word' id='word_1_99' title='bbox 180 1675 324 1738; x_wconf 86' lang='lat' dir='ltr'><strong>Omnibus</strong></span> <span class='ocrx_word' id='word_1_100' title='bbox 346 1675 482 1754; x_wconf 83' lang='lat' dir='ltr'><strong>agricolis</strong></span> <span class='ocrx_word' id='word_1_101' title='bbox 505 1683 766 1755; x_wconf 86' lang='lat' dir='ltr'><strong>armentorumque</strong></span> <span class='ocrx_word' id='word_1_102' title='bbox 788 1678 937 1756; x_wconf 81' lang='lat' dir='ltr'><strong>magistris</strong></span> 
     </span>
     <span class='ocr_line' id='line_1_18' title="bbox 223 1762 808 1842; baseline 0.002 -19"><span class='ocrx_word' id='word_1_103' title='bbox 223 1763 329 1824; x_wconf 91' lang='lat' dir='ltr'><strong>lliadae</strong></span> <span class='ocrx_word' id='word_1_104' title='bbox 352 1764 459 1823; x_wconf 87' lang='lat' dir='ltr'><strong>iratres</strong></span> <span class='ocrx_word' id='word_1_105' title='bbox 480 1765 547 1825; x_wconf 92' lang='lat' dir='ltr'><strong>iura</strong></span> <span class='ocrx_word' id='word_1_106' title='bbox 569 1766 661 1842; x_wconf 92' lang='lat' dir='ltr'><strong>petita</strong></span> <span class='ocrx_word' id='word_1_107' title='bbox 683 1762 808 1825; x_wconf 89' lang='lat' dir='ltr'><strong>dabant.</strong></span> 
     </span>
     <span class='ocr_line' id='line_1_19' title="bbox 180 1850 1042 1931; baseline 0 -19"><span class='ocrx_word' id='word_1_108' title='bbox 180 1850 273 1931; x_wconf 88' lang='lat' dir='ltr'><strong>Saepe</strong></span> <span class='ocrx_word' id='word_1_109' title='bbox 297 1851 416 1911; x_wconf 89' lang='lat' dir='ltr'><strong>domum</strong></span> <span class='ocrx_word' id='word_1_110' title='bbox 440 1853 562 1912; x_wconf 88' lang='lat' dir='ltr'><strong>veniunt</strong></span> <span class='ocrx_word' id='word_1_111' title='bbox 584 1852 765 1930; x_wconf 89' lang='lat' dir='ltr'><strong>praedonum</strong></span> <span class='ocrx_word' id='word_1_112' title='bbox 789 1852 932 1930; x_wconf 80' lang='lat' dir='ltr'><strong>sanguiue</strong></span> <span class='ocrx_word' id='word_1_113' title='bbox 954 1850 1042 1931; x_wconf 91' lang='lat' dir='ltr'><strong>laeti,</strong></span> 
     </span>
     <span class='ocr_line' id='line_1_20' title="bbox 224 1938 884 2016; baseline -0.002 -16"><span class='ocrx_word' id='word_1_114' title='bbox 224 1938 262 2000; x_wconf 83' lang='lat' dir='ltr'><strong>lit</strong></span> <span class='ocrx_word' id='word_1_115' title='bbox 284 1938 424 2016; x_wconf 83' lang='lat' dir='ltr'><strong>redigunt</strong></span> <span class='ocrx_word' id='word_1_116' title='bbox 445 1946 527 1999; x_wconf 91' lang='lat' dir='ltr'><strong>actos</strong></span> <span class='ocrx_word' id='word_1_117' title='bbox 550 1941 579 1999; x_wconf 93' lang='lat' dir='ltr'><strong>in</strong></span> <span class='ocrx_word' id='word_1_118' title='bbox 604 1957 658 2000; x_wconf 91' lang='lat' dir='ltr'><strong>sua</strong></span> <span class='ocrx_word' id='word_1_119' title='bbox 680 1956 750 2000; x_wconf 86' lang='lat' dir='ltr'><strong>rura</strong></span> <span class='ocrx_word' id='word_1_120' title='bbox 773 1939 884 2000; x_wconf 83' lang='lat' dir='ltr'><strong>bores.</strong></span> 
     </span>
     <span class='ocr_line' id='line_1_21' title="bbox 132 2025 1029 2107; baseline -0.001 -18"><span class='ocrx_word' id='word_1_121' title='bbox 132 2038 166 2089; x_wconf 78' lang='lat'><strong>65</strong></span> <span class='ocrx_word' id='word_1_122' title='bbox 181 2026 218 2088; x_wconf 90' lang='lat' dir='ltr'><strong>Ut</strong></span> <span class='ocrx_word' id='word_1_123' title='bbox 241 2044 335 2106; x_wconf 83' lang='lat' dir='ltr'><strong>genus</strong></span> <span class='ocrx_word' id='word_1_124' title='bbox 358 2025 516 2087; x_wconf 91' lang='lat' dir='ltr'><strong>audieruut</strong></span> <span class='ocrx_word' id='word_1_125' title='bbox 528 2074 537 2106; x_wconf 98' lang='lat'><strong>,</strong></span> <span class='ocrx_word' id='word_1_126' title='bbox 560 2029 673 2087; x_wconf 91' lang='lat' dir='ltr'><strong>animos</strong></span> <span class='ocrx_word' id='word_1_127' title='bbox 695 2036 779 2106; x_wconf 90' lang='lat' dir='ltr'><strong>pater</strong></span> <span class='ocrx_word' id='word_1_128' title='bbox 802 2025 901 2088; x_wconf 93' lang='lat' dir='ltr'><strong>editus</strong></span> <span class='ocrx_word' id='word_1_129' title='bbox 922 2036 1029 2107; x_wconf 80' lang='lat' dir='ltr'><strong>auget,</strong></span> 
     </span>
     <span class='ocr_line' id='line_1_22' title="bbox 220 2113 931 2193; baseline 0.001 -18"><span class='ocrx_word' id='word_1_130' title='bbox 220 2113 261 2176; x_wconf 82' lang='lat' dir='ltr'><strong>Et</strong></span> <span class='ocrx_word' id='word_1_131' title='bbox 283 2113 375 2193; x_wconf 90' lang='lat' dir='ltr'><strong>pudet</strong></span> <span class='ocrx_word' id='word_1_132' title='bbox 396 2115 428 2174; x_wconf 93' lang='lat' dir='ltr'><strong>in</strong></span> <span class='ocrx_word' id='word_1_133' title='bbox 450 2116 552 2193; x_wconf 85' lang='lat' dir='ltr'><strong>paucis</strong></span> <span class='ocrx_word' id='word_1_134' title='bbox 574 2132 682 2175; x_wconf 90' lang='lat' dir='ltr'><strong>nomen</strong></span> <span class='ocrx_word' id='word_1_135' title='bbox 704 2113 814 2175; x_wconf 90' lang='lat' dir='ltr'><strong>habere</strong></span> <span class='ocrx_word' id='word_1_136' title='bbox 837 2116 931 2176; x_wconf 85' lang='lat' dir='ltr'><strong>casis:</strong></span> 
     </span>
     <span class='ocr_line' id='line_1_23' title="bbox 179 2201 914 2281; baseline 0.001 -19"><span class='ocrx_word' id='word_1_137' title='bbox 179 2201 381 2281; x_wconf 84' lang='lat' dir='ltr'><strong>Romuleoque</strong></span> <span class='ocrx_word' id='word_1_138' title='bbox 405 2202 483 2263; x_wconf 92' lang='lat' dir='ltr'><strong>cadit</strong></span> <span class='ocrx_word' id='word_1_139' title='bbox 505 2204 647 2264; x_wconf 88' lang='lat' dir='ltr'><strong>traiectus</strong></span> <span class='ocrx_word' id='word_1_140' title='bbox 669 2201 803 2264; x_wconf 81' lang='lat' dir='ltr'><strong>Amulius</strong></span> <span class='ocrx_word' id='word_1_141' title='bbox 825 2220 914 2280; x_wconf 89' lang='lat' dir='ltr'><strong>ense,</strong></span> 
     </span>
     <span class='ocr_line' id='line_1_24' title="bbox 223 2289 862 2369; baseline 0.002 -19"><span class='ocrx_word' id='word_1_142' title='bbox 223 2289 382 2369; x_wconf 82' lang='lat' dir='ltr'><strong>Regnaque</strong></span> <span class='ocrx_word' id='word_1_143' title='bbox 406 2290 546 2369; x_wconf 82' lang='lat' dir='ltr'><strong>longaevo</strong></span> <span class='ocrx_word' id='word_1_144' title='bbox 570 2292 769 2351; x_wconf 88' lang='lat' dir='ltr'><strong>restituuntur</strong></span> <span class='ocrx_word' id='word_1_145' title='bbox 791 2308 862 2351; x_wconf 84' lang='lat' dir='ltr'><strong>avo.</strong></span> 
     </span>
     <span class='ocr_line' id='line_1_25' title="bbox 180 2377 1054 2458; baseline 0.001 -21"><span class='ocrx_word' id='word_1_146' title='bbox 180 2377 294 2439; x_wconf 88' lang='lat' dir='ltr'><strong>lloenia</strong></span> <span class='ocrx_word' id='word_1_147' title='bbox 317 2378 506 2439; x_wconf 89' lang='lat' dir='ltr'><strong>conduntur.</strong></span> <span class='ocrx_word' id='word_1_148' title='bbox 552 2396 626 2456; x_wconf 91' lang='lat' dir='ltr'><strong>quae</strong></span> <span class='ocrx_word' id='word_1_149' title='bbox 650 2380 783 2456; x_wconf 82' lang='lat' dir='ltr'><strong>quamvis</strong></span> <span class='ocrx_word' id='word_1_150' title='bbox 805 2395 894 2458; x_wconf 74' lang='lat' dir='ltr'><strong>parua</strong></span> <span class='ocrx_word' id='word_1_151' title='bbox 916 2377 1054 2456; x_wconf 87' lang='lat' dir='ltr'><strong>luerunt,</strong></span> 
     </span>
     <span class='ocr_line' id='line_1_26' title="bbox 132 2464 917 2544; baseline 0.001 -19"><span class='ocrx_word' id='word_1_152' title='bbox 132 2477 165 2526; x_wconf 76' lang='grc' dir='ltr'><strong>το</strong></span> <span class='ocrx_word' id='word_1_153' title='bbox 222 2465 288 2526; x_wconf 90' lang='lat' dir='ltr'><strong>Non</strong></span> <span class='ocrx_word' id='word_1_154' title='bbox 311 2473 410 2527; x_wconf 90' lang='lat' dir='ltr'><strong>tamen</strong></span> <span class='ocrx_word' id='word_1_155' title='bbox 433 2464 563 2544; x_wconf 86' lang='lat' dir='ltr'><strong>expediit</strong></span> <span class='ocrx_word' id='word_1_156' title='bbox 584 2465 786 2527; x_wconf 88' lang='lat' dir='ltr'><strong>transsiluisse</strong></span> <span class='ocrx_word' id='word_1_157' title='bbox 809 2465 917 2527; x_wconf 84' lang='lat' dir='ltr'><strong>Remo.</strong></span> 
     </span>
     <span class='ocr_line' id='line_1_27' title="bbox 179 2553 1087 2634; baseline -0.002 -21"><span class='ocrx_word' id='word_1_158' title='bbox 179 2553 261 2634; x_wconf 89' lang='lat' dir='ltr'><strong>lam,</strong></span> <span class='ocrx_word' id='word_1_159' title='bbox 284 2553 371 2614; x_wconf 90' lang='lat' dir='ltr'><strong>modo</strong></span> <span class='ocrx_word' id='word_1_160' title='bbox 391 2571 448 2633; x_wconf 94' lang='lat' dir='ltr'><strong>qua</strong></span> <span class='ocrx_word' id='word_1_161' title='bbox 470 2554 588 2613; x_wconf 86' lang='lat' dir='ltr'><strong>lucrant</strong></span> <span class='ocrx_word' id='word_1_162' title='bbox 610 2553 699 2614; x_wconf 90' lang='lat' dir='ltr'><strong>silvae</strong></span> <span class='ocrx_word' id='word_1_163' title='bbox 717 2571 919 2632; x_wconf 79' lang='lat' dir='ltr'><strong>pecorumque</strong></span> <span class='ocrx_word' id='word_1_164' title='bbox 941 2570 1087 2628; x_wconf 88' lang='lat' dir='ltr'><strong>recessus,</strong></span> 
     </span>
     <span class='ocr_line' id='line_1_28' title="bbox 223 2640 957 2722; baseline 0 -19"><span class='ocrx_word' id='word_1_165' title='bbox 223 2641 300 2703; x_wconf 87' lang='lat' dir='ltr'><strong>Urbs</strong></span> <span class='ocrx_word' id='word_1_166' title='bbox 323 2649 408 2722; x_wconf 82' lang='lat' dir='ltr'><strong>erat3</strong></span> <span class='ocrx_word' id='word_1_167' title='bbox 431 2648 568 2702; x_wconf 82' lang='lat' dir='ltr'><strong>aeternae</strong></span> <span class='ocrx_word' id='word_1_168' title='bbox 592 2658 660 2701; x_wconf 89' lang='lat' dir='ltr'><strong>cum</strong></span> <span class='ocrx_word' id='word_1_169' title='bbox 682 2649 767 2720; x_wconf 90' lang='lat' dir='ltr'><strong>pater</strong></span> <span class='ocrx_word' id='word_1_170' title='bbox 788 2640 877 2703; x_wconf 89' lang='lat' dir='ltr'><strong>Urbis</strong></span> <span class='ocrx_word' id='word_1_171' title='bbox 899 2643 957 2703; x_wconf 87' lang='lat' dir='ltr'><strong>ait:</strong></span> 
     </span>
     <span class='ocr_line' id='line_1_29' title="bbox 180 2724 948 2808; baseline 0.003 -20"><span class='ocrx_word' id='word_1_172' title='bbox 180 2724 309 2789; x_wconf 72' lang='lat' dir='ltr'><strong>‘Arbiter</strong></span> <span class='ocrx_word' id='word_1_173' title='bbox 331 2746 503 2808; x_wconf 88' lang='lat' dir='ltr'><strong>armorum,</strong></span> <span class='ocrx_word' id='word_1_174' title='bbox 526 2728 563 2789; x_wconf 90' lang='lat' dir='ltr'><strong>de</strong></span> <span class='ocrx_word' id='word_1_175' title='bbox 586 2731 672 2790; x_wconf 91' lang='lat' dir='ltr'><strong>cuius</strong></span> <span class='ocrx_word' id='word_1_176' title='bbox 694 2731 836 2808; x_wconf 78' lang='lat' dir='ltr'><strong>sauguine</strong></span> <span class='ocrx_word' id='word_1_177' title='bbox 859 2737 948 2792; x_wconf 90' lang='lat' dir='ltr'><strong>natus</strong></span> 
     </span>
     <span class='ocr_line' id='line_1_30' title="bbox 224 2814 994 2897; baseline 0.001 -21"><span class='ocrx_word' id='word_1_178' title='bbox 224 2814 358 2895; x_wconf 82' lang='lat' dir='ltr'><strong>Credor,</strong></span> <span class='ocrx_word' id='word_1_179' title='bbox 382 2826 412 2877; x_wconf 91' lang='lat' dir='ltr'><strong>et</strong></span> <span class='ocrx_word' id='word_1_180' title='bbox 434 2825 468 2877; x_wconf 91' lang='lat' dir='ltr'><strong>ut</strong></span> <span class='ocrx_word' id='word_1_181' title='bbox 490 2816 617 2897; x_wconf 89' lang='lat' dir='ltr'><strong>credar,</strong></span> <span class='ocrx_word' id='word_1_182' title='bbox 640 2819 763 2895; x_wconf 84' lang='lat' dir='ltr'><strong>pignora</strong></span> <span class='ocrx_word' id='word_1_183' title='bbox 785 2815 877 2877; x_wconf 93' lang='lat' dir='ltr'><strong>multa</strong></span> <span class='ocrx_word' id='word_1_184' title='bbox 898 2816 994 2896; x_wconf 92' lang='lat' dir='ltr'><strong>dabo,</strong></span> 
     </span>
     <span class='ocr_line' id='line_1_31' title="bbox 132 2902 876 2981; baseline 0.001 -17"><span class='ocrx_word' id='word_1_185' title='bbox 132 2904 203 2964; x_wconf 76' lang='lat' dir='ltr'><strong>nob</strong></span> <span class='ocrx_word' id='word_1_186' title='bbox 226 2909 256 2963; x_wconf 86' lang='lat' dir='ltr'><strong>te</strong></span> <span class='ocrx_word' id='word_1_187' title='bbox 279 2903 456 2981; x_wconf 88' lang='lat' dir='ltr'><strong>principium</strong></span> <span class='ocrx_word' id='word_1_188' title='bbox 480 2902 611 2965; x_wconf 83' lang='lat' dir='ltr'><strong>Romano</strong></span> <span class='ocrx_word' id='word_1_189' title='bbox 634 2903 760 2965; x_wconf 89' lang='lat' dir='ltr'><strong>dicimus</strong></span> <span class='ocrx_word' id='word_1_190' title='bbox 782 2922 876 2966; x_wconf 85' lang='lat' dir='ltr'><strong>anno:</strong></span> 
     </span>
     <span class='ocr_line' id='line_1_32' title="bbox 223 2985 908 3070; baseline 0.006 -20"><span class='ocrx_word' id='word_1_191' title='bbox 223 2990 341 3050; x_wconf 90' lang='lat' dir='ltr'><strong>Primus</strong></span> <span class='ocrx_word' id='word_1_192' title='bbox 364 2990 400 3050; x_wconf 93' lang='lat' dir='ltr'><strong>de</strong></span> <span class='ocrx_word' id='word_1_193' title='bbox 423 2993 518 3070; x_wconf 92' lang='lat' dir='ltr'><strong>patrio</strong></span> <span class='ocrx_word' id='word_1_194' title='bbox 541 2993 660 3053; x_wconf 89' lang='lat' dir='ltr'><strong>nomine</strong></span> <span class='ocrx_word' id='word_1_195' title='bbox 683 2993 794 3052; x_wconf 88' lang='lat' dir='ltr'><strong>mensis</strong></span> <span class='ocrx_word' id='word_1_196' title='bbox 817 2985 908 3054; x_wconf 90' lang='lat' dir='ltr'><strong>erit.’</strong></span> 
     </span>
     <span class='ocr_line' id='line_1_33' title="bbox 179 3078 1058 3158; baseline -0.001 -21"><span class='ocrx_word' id='word_1_197' title='bbox 179 3078 240 3139; x_wconf 86' lang='lat' dir='ltr'><strong>Vox</strong></span> <span class='ocrx_word' id='word_1_198' title='bbox 263 3086 326 3138; x_wconf 89' lang='lat' dir='ltr'><strong>rata</strong></span> <span class='ocrx_word' id='word_1_199' title='bbox 349 3078 404 3158; x_wconf 85' lang='lat' dir='ltr'><strong>tit,</strong></span> <span class='ocrx_word' id='word_1_200' title='bbox 426 3081 581 3158; x_wconf 90' lang='lat' dir='ltr'><strong>patrioque</strong></span> <span class='ocrx_word' id='word_1_201' title='bbox 605 3087 689 3140; x_wconf 91' lang='lat' dir='ltr'><strong>vocat</strong></span> <span class='ocrx_word' id='word_1_202' title='bbox 711 3079 747 3140; x_wconf 91' lang='lat' dir='ltr'><strong>de</strong></span> <span class='ocrx_word' id='word_1_203' title='bbox 770 3082 890 3141; x_wconf 85' lang='lat' dir='ltr'><strong>nomine</strong></span> <span class='ocrx_word' id='word_1_204' title='bbox 913 3095 1058 3142; x_wconf 90' lang='lat' dir='ltr'><strong>mensem.</strong></span> 
     </span>
     <span class='ocr_line' id='line_1_34' title="bbox 223 3165 865 3247; baseline 0.005 -21"><span class='ocrx_word' id='word_1_205' title='bbox 223 3165 337 3226; x_wconf 86' lang='lat' dir='ltr'><strong>Dicitur</strong></span> <span class='ocrx_word' id='word_1_206' title='bbox 360 3165 433 3226; x_wconf 87' lang='lat' dir='ltr'><strong>haec</strong></span> <span class='ocrx_word' id='word_1_207' title='bbox 456 3168 550 3246; x_wconf 91' lang='lat' dir='ltr'><strong>pietas</strong></span> <span class='ocrx_word' id='word_1_208' title='bbox 572 3176 654 3247; x_wconf 78' lang='lat' dir='ltr'><strong>grata</strong></span> <span class='ocrx_word' id='word_1_209' title='bbox 677 3169 769 3229; x_wconf 87' lang='lat' dir='ltr'><strong>luisse</strong></span> <span class='ocrx_word' id='word_1_210' title='bbox 792 3167 865 3229; x_wconf 88' lang='lat' dir='ltr'><strong>deo.</strong></span> 
     </span>
     <span class='ocr_line' id='line_1_35' title="bbox 179 3253 999 3335; baseline 0.005 -22"><span class='ocrx_word' id='word_1_211' title='bbox 179 3253 216 3314; x_wconf 86' lang='lat' dir='ltr'><strong>Et</strong></span> <span class='ocrx_word' id='word_1_212' title='bbox 238 3261 336 3314; x_wconf 90' lang='lat' dir='ltr'><strong>tamen</strong></span> <span class='ocrx_word' id='word_1_213' title='bbox 359 3263 427 3315; x_wconf 90' lang='lat' dir='ltr'><strong>ante</strong></span> <span class='ocrx_word' id='word_1_214' title='bbox 451 3273 553 3315; x_wconf 90' lang='lat' dir='ltr'><strong>omnes</strong></span> <span class='ocrx_word' id='word_1_215' title='bbox 575 3255 699 3317; x_wconf 87' lang='lat' dir='ltr'><strong>Martem</strong></span> <span class='ocrx_word' id='word_1_216' title='bbox 722 3255 842 3317; x_wconf 89' lang='lat' dir='ltr'><strong>coluere</strong></span> <span class='ocrx_word' id='word_1_217' title='bbox 863 3257 999 3335; x_wconf 89' lang='lat' dir='ltr'><strong>priores.</strong></span> 
     </span>
     <span class='ocr_line' id='line_1_36' title="bbox 131 3340 900 3405; baseline 0.005 -5"><span class='ocrx_word' id='word_1_218' title='bbox 131 3352 165 3401; x_wconf 84' lang='lat'><strong>80</strong></span> <span class='ocrx_word' id='word_1_219' title='bbox 224 3340 286 3402; x_wconf 89' lang='lat' dir='ltr'><strong>lloc</strong></span> <span class='ocrx_word' id='word_1_220' title='bbox 310 3342 431 3403; x_wconf 90' lang='lat' dir='ltr'><strong>dederat</strong></span> <span class='ocrx_word' id='word_1_221' title='bbox 454 3342 560 3404; x_wconf 89' lang='lat' dir='ltr'><strong>studiis</strong></span> <span class='ocrx_word' id='word_1_222' title='bbox 583 3342 686 3404; x_wconf 89' lang='lat' dir='ltr'><strong>bellica</strong></span> <span class='ocrx_word' id='word_1_223' title='bbox 709 3342 797 3404; x_wconf 88' lang='lat' dir='ltr'><strong>turba</strong></span> <span class='ocrx_word' id='word_1_224' title='bbox 820 3345 900 3405; x_wconf 79' lang='lat' dir='ltr'><strong>suis.</strong></span> 
     </span>
     <span class='ocr_line' id='line_1_37' title="bbox 178 3427 920 3513; baseline 0.008 -27"><span class='ocrx_word' id='word_1_225' title='bbox 178 3427 294 3488; x_wconf 91' lang='lat' dir='ltr'><strong>Pallada</strong></span> <span class='ocrx_word' id='word_1_226' title='bbox 317 3429 517 3512; x_wconf 89' lang='lat' dir='ltr'><strong>Cecropidae,</strong></span> <span class='ocrx_word' id='word_1_227' title='bbox 541 3430 649 3490; x_wconf 87' lang='lat' dir='ltr'><strong>Minoia</strong></span> <span class='ocrx_word' id='word_1_228' title='bbox 671 3429 759 3491; x_wconf 80' lang='lat' dir='ltr'><strong>Creta</strong></span> <span class='ocrx_word' id='word_1_229' title='bbox 781 3430 920 3513; x_wconf 83' lang='lat' dir='ltr'><strong>Dianam,</strong></span> 
     </span>
     <span class='ocr_line' id='line_1_38' title="bbox 223 3512 802 3600; baseline 0.017 -29"><span class='ocrx_word' id='word_1_230' title='bbox 223 3512 384 3578; x_wconf 87' lang='lat' dir='ltr'><strong>Volcanum</strong></span> <span class='ocrx_word' id='word_1_231' title='bbox 406 3518 493 3580; x_wconf 90' lang='lat' dir='ltr'><strong>tellus</strong></span> <span class='ocrx_word' id='word_1_232' title='bbox 516 3517 691 3599; x_wconf 77' lang='lat' dir='ltr'><strong>Hypsipylea</strong></span> <span class='ocrx_word' id='word_1_233' title='bbox 714 3518 802 3600; x_wconf 75' lang='lat' dir='ltr'><strong>colit,</strong></span> 
     </span>
    </p>
   </div>
   <div class='ocr_carea' id='block_1_3' title="bbox 0 0 1198 3892">
    <p class='ocr_par' dir='ltr' id='par_1_3' title="bbox 0 0 1198 3892">
     <span class='ocr_line' id='line_1_39' title="bbox 0 0 1198 3892; baseline 0 0"><span class='ocrx_word' id='word_1_234' title='bbox 0 0 1198 3892; x_wconf 95' lang='lat' dir='ltr'><strong> </strong></span> 
     </span>
    </p>
   </div>
  </div>
 </body>
</html>
