2386 3892
91 151 154 215 182
497 153 547 203 ax
564 152 684 204 rouro

129 327 163 378 45
178 316 243 397 lpse
268 333 322 396 ego
346 314 424 394 quod
447 317 543 394 primo
567 317 674 395 scripsi
697 317 761 377 sine
784 317 905 377 nomine
929 317 1028 399 vobis,

222 403 276 465 Vix
301 405 437 464 excusari
460 422 546 484 posse
569 404 643 464 unhi
664 405 787 465 videor.

180 491 239 553 Sed
263 509 354 572 pavor
377 494 501 553 attonito
525 493 649 553 rationis
672 491 822 554 ademerat
844 511 950 574 usum,

223 579 360 641 Cesserat
383 598 469 642 omne
493 579 816 660 novis'oonsiliumque
839 581 942 642 malis.
980 656 982 659 Ι

177 667 399 746 Fortunamque
418 685 513 730 meam
532 675 690 748 metuens,
714 687 774 730 non
798 669 922 731 vindicis
945 671 1038 752 iram,

130 768 164 818 50
224 755 372 817 Terrebar
395 756 481 818 titulo
504 758 633 818 nominis
655 759 719 837 ipse
742 759 818 818 mei.

178 843 328 906 Hactenus
352 843 519 906 admonitus
542 847 668 906 memori
691 844 821 907 concede
844 853 969 928 poetae,

222 933 316 994 Ponat
337 944 372 994 ut
393 935 425 993 in
448 933 558 994 chartis
580 935 700 995 nomina
722 951 790 994 cara
812 937 893 996 suis.

178 1020 278 1099 Turpe
303 1023 359 1080 crit
382 1020 548 1103 ambobus,
570 1021 658 1100 longo
682 1021 755 1082 mihi
776 1024 930 1102 proximus
953 1040 1011 1085 usu

223 1108 255 1168 Si
277 1107 358 1169 nulla
380 1108 448 1169 libri
471 1118 555 1188 parte
579 1109 679 1189 legere
701 1111 777 1171 mei.

131 1207 164 1258 55
179 1197 221 1258 Ne
246 1205 344 1257 tamen
366 1199 422 1258 iste
446 1206 543 1259 metus
567 1216 686 1259 somnos
709 1197 764 1259 tibi
786 1216 926 1279 rumpere
949 1202 1042 1279 possit

221 1284 287 1345 Non
311 1285 410 1366 ultra,
433 1303 521 1365 quam
545 1288 611 1370 vis,
634 1287 784 1348 officiosus
808 1305 884 1367 ero;

177 1374 280 1454 Teque
304 1381 422 1455 tegam,
446 1376 498 1453 qui
520 1376 584 1436 sis.
624 1376 683 1436 nisi
706 1393 774 1436 cum
797 1376 969 1454 permiserit
991 1378 1049 1455 ipse

222 1461 351 1541 Cogetur
374 1480 461 1523 nemo
484 1480 593 1524 munus
615 1462 725 1524 habere
749 1481 866 1524 meum.

177 1549 222 1610 Tu
246 1549 356 1630 modo,
380 1569 468 1630 quem
491 1559 610 1630 poteras
633 1550 680 1612 vel
703 1561 804 1630 aperte
828 1560 911 1613 tutus
935 1569 1049 1632 amare,

129 1649 162 1698 60
222 1636 255 1697 Si
277 1655 326 1699 res
349 1646 395 1698 est
418 1656 526 1717 anceps
549 1643 627 1722 ista,
650 1639 776 1701 latenter
799 1658 881 1702 ama.

552 1833 632 1906 VII.

177 1988 272 2050 Verba
295 1989 367 2050 mihi
390 1989 499 2051 desunt
522 1990 624 2052 eadem
646 1999 706 2052 tam
730 2009 817 2070 saepe
841 1992 976 2072 roganti,

221 2077 342 2156 iamque
365 2078 458 2157 pudet
481 2097 568 2140 vanas
592 2081 650 2140 fine
674 2098 776 2141 carere
799 2097 923 2159 preces.

177 2164 286 2227 Taedia
309 2166 456 2226 consimili
478 2167 544 2227 fieri
566 2166 604 2227 de
626 2169 757 2228 carmina
779 2165 884 2248 vobis,

222 2252 360 2333 Quidque
382 2263 481 2334 petam
494 2301 502 2334 ,
527 2264 651 2317 cunctos
674 2254 830 2316 edidicisse
854 2272 940 2317 reor.

147 2340 345 2421 oNostraque
373 2342 444 2422 quiid
468 2350 567 2420 portet
594 2344 653 2403 iam
675 2345 769 2404 nostis
793 2343 940 2425 epistula,
964 2361 1049 2423 qnam

222 2427 330 2491 Charta
353 2432 392 2491 sit
415 2449 432 2491 a
454 2431 558 2491 vinclis
581 2449 641 2491 non
664 2430 806 2491 labefacta
830 2433 910 2491 suis.

176 2517 256 2596 Ergo
279 2527 412 2580 mutetur
435 2521 540 2598 scripti
563 2521 709 2580 sententia
732 2520 845 2599 nostri,

220 2604 264 2667 Ne
289 2609 397 2668 totiens
420 2617 546 2686 contra,
570 2625 658 2684 quam
681 2608 759 2685 rapit
781 2608 898 2686 amnis,
921 2624 1002 2668 eam.

178 2694 263 2764 Quod
286 2692 362 2755 bene
386 2695 422 2755 da
447 2693 529 2754 vobis
553 2697 690 2776 speravi,
713 2697 880 2775 ignoscite,
904 2697 1007 2757 amici:

131 2793 163 2842 10
223 2780 303 2840 Talia
325 2781 468 2860 peccandi
491 2785 549 2843 iam
572 2783 645 2844 mihi
667 2783 734 2843 tinis
758 2784 833 2843 erit.

178 2866 239 2927 Nec
261 2871 359 2946 gravis
382 2873 469 2931 uxori
492 2871 595 2931 dicar.
637 2889 712 2950 quaa
736 2871 849 2931 scilicet
872 2872 903 2931 in
927 2887 974 2931 me
1037 2881 1049 2932 (1

184 2965 186 2971 ’
223 2954 318 3025 Quam
345 2956 460 3039 proba,
488 2966 548 3018 tam
572 2958 673 3020 timida
696 2969 764 3039 est,
792 2960 1006 3037 experiensque

723 3064 846 3126 parum.

178 3130 241 3193 Hoc
265 3150 405 3212 quoque,
429 3132 527 3214 Naso,
551 3134 653 3217 ieres3
676 3141 706 3194 et
729 3137 808 3194 enim
831 3136 933 3214 peiora
956 3133 1045 3196 tulisti

222 3220 282 3281 lam
308 3220 361 3283 tibi
384 3224 490 3283 sentiri
513 3224 628 3283 sarcina
652 3221 731 3283 nulia
753 3230 871 3302 potest.

131 3313 164 3363 15
178 3305 291 3369 Ductus
314 3308 350 3370 ah
374 3320 508 3371 armento
530 3317 635 3371 tanam
658 3310 804 3372 detrectat
827 3319 975 3392 aratrum,

224 3395 377 3458 Subtrahit
400 3408 431 3459 et
453 3398 528 3459 duro
552 3397 626 3459 colia
649 3397 764 3459 novella
786 3400 874 3478 iugo.

178 3479 261 3563 Nos,
284 3484 393 3562 quibus
416 3485 551 3547 adsuevit
574 3486 666 3547 iatum
689 3484 851 3548 crudeliter
876 3489 937 3568 uti,
