2386 3892
90 202 154 266 348
497 203 689 256 PASTORUM

222 366 328 446 Fitque
352 368 397 428 sui
421 375 483 428 toto
506 375 627 446 pectore
649 365 736 445 plena
759 366 824 428 dci.

178 455 231 517 Vix
253 456 332 516 illam
356 454 454 516 subito
478 471 581 533 posses
605 471 807 534 cognoscere,
830 460 912 515 tanto

112 554 164 604 540
224 542 360 603 Sanctior
384 550 413 603 et
435 549 540 622 tanto,
564 558 651 621 quam
674 541 785 620 modo,
807 544 902 602 maior
924 550 1003 603 crat.

178 626 281 691 ‘Laeta
304 648 428 693 canam.
468 630 584 709 gaude,
607 629 745 691 defuncta
767 628 919 690 laboribus
940 625 1023 691 lnol'

221 718 300 779 Dixit
323 715 370 779 ‘et
391 717 461 779 huic
484 717 592 798 populo
615 733 758 796 prospera
781 734 899 797 semper
923 715 1004 779 ades!

176 805 292 867 Numen
316 809 375 866 eris
398 806 514 886 pelagi.
557 811 659 866 natum
683 822 802 884 qnoque
823 814 936 886 pontus
958 804 1078 868 hahchit.

221 894 255 955 ln
277 897 384 954 vestris
408 892 486 954 aliud
510 894 616 954 sumite
639 910 748 953 nomen
771 895 874 972 aquis:

111 993 161 1042 545
176 981 343 1044 Leucothea
367 981 473 1062 Grais,
495 979 605 1042 llatnta
629 980 770 1041 vocabere
794 982 922 1043 nostris:

220 1068 254 1129 ln
277 1078 381 1149 portus
404 1076 472 1129 nato
495 1070 542 1128 ius
565 1071 623 1129 erit
645 1087 731 1129 omne
754 1076 824 1150 tuo,

177 1155 271 1227 Quem
294 1175 348 1217 nos
369 1156 557 1235 Portunum,
580 1174 634 1217 sua
655 1156 755 1236 lingua
776 1155 952 1218 Palaemona
974 1158 1060 1219 dicet.

221 1244 288 1325 lte,
310 1263 418 1324 precor
430 1290 440 1325 ,
462 1247 573 1305 nostris
595 1262 708 1323 aequus
731 1251 859 1324 uterque
880 1241 988 1306 locisl’

177 1333 350 1408 innuerat,
372 1334 517 1412 promissa
540 1333 635 1394 fides.
676 1350 804 1412 posuere
827 1331 963 1394 labores:

112 1432 163 1483 550
221 1420 346 1482 Nomina
369 1428 542 1481 mutarunt.
583 1421 632 1480 hic
655 1419 751 1499 dens,
773 1419 821 1481 illa
845 1420 900 1481 dea
923 1428 985 1483 est.

103 1542 106 1547 ·
177 1509 237 1569 Cur
260 1517 340 1569 vetet
362 1508 482 1570 ancillas
506 1508 668 1588 accedere,
692 1504 866 1586 quaeritis?
897 1508 977 1570 odit:

221 1596 462 1676 Principiumque
486 1596 568 1677 odii,
590 1598 616 1657 si
639 1598 716 1657 sinat
738 1595 786 1657 illa
798 1641 808 1676 ,
832 1613 952 1658 canam.

177 1683 240 1744 Una
264 1686 466 1745 ministrarum
490 1684 574 1744 solita
597 1691 665 1764 est,
687 1683 827 1764 Cadmei,
851 1691 972 1746 tuarum

222 1770 315 1850 Saepe
340 1771 395 1832 suh
418 1771 570 1850 amplexus
592 1773 726 1850 coniugis
747 1773 791 1832 irc
813 1773 875 1834 tui.

112 1869 163 1918 555
178 1858 334 1936 improbus
356 1859 432 1919 hanc
456 1858 593 1919 Athamas
617 1860 719 1920 furtim
743 1858 865 1920 dilexit.
907 1858 944 1920 ah
966 1857 1014 1920 illa

222 1945 372 2024 Comperit
394 1946 531 2025 agricolis
554 1949 666 2008 semina
688 1954 765 2007 tosta
788 1946 868 2009 dari.

177 2033 242 2111 lpsa
266 2034 386 2111 quidem
409 2036 514 2095 iecisse
538 2043 647 2115 negat,
671 2034 722 2096 sed
745 2035 821 2095 lama
843 2035 976 2114 recepit.

221 2119 285 2180 Hoc
308 2129 354 2181 est
366 2168 375 2202 ,
399 2140 453 2182 our
476 2122 543 2182 odio
567 2125 606 2183 sit
628 2122 683 2183 tihi
706 2140 790 2183 serva
812 2139 934 2184 manns.

177 2207 242 2268 Non
266 2216 364 2270 tamen
387 2210 462 2271 hanc
484 2228 539 2289 pro
564 2213 656 2289 stirpe
680 2228 732 2271 sua
755 2212 803 2290 pia
824 2218 920 2272 mater
942 2209 1057 2271 adoret.

113 2307 164 2357 550
223 2296 289 2377 lpsa
312 2315 416 2376 parum
440 2297 508 2358 lelix
531 2300 592 2358 visa
614 2299 706 2359 luisse
730 2315 855 2378 parens.

177 2384 306 2445 Alterius
330 2385 443 2464 prolem
467 2384 571 2446 melius
594 2385 771 2446 mandabitis
793 2384 853 2446 illi.

223 2472 329 2534 Utilior
351 2472 488 2552 Baccho,
511 2489 599 2552 quom
621 2473 678 2533 fuit
700 2476 764 2553 ipsa
787 2475 867 2535 suis.

179 2559 260 2620 Hanc
283 2561 360 2642 tihi,
382 2557 457 2640 ‘quo
480 2578 623 2639 properas
637 2555 669 2621 P'
693 2568 858 2622 memorant
880 2560 1010 2643 dixisse,

722 2647 833 2729 Rutili,

222 2729 317 2797 ‘ane
341 2755 406 2798 mea
428 2737 524 2798 Marso
548 2734 651 2797 consul
674 2735 710 2796 ah
733 2735 818 2797 hoste
842 2731 964 2797 oades.’

112 2833 163 2882 555
178 2821 282 2883 Exitus
306 2827 431 2886 accessit
454 2823 573 2905 verbis,
595 2823 765 2902 flumenque
787 2822 893 2884 Toleni

221 2910 411 2989 Purpureum
433 2914 532 2974 mixtis
555 2914 697 2990 sangnine
719 2911 805 2972 iluxit
827 2913 930 2989 aquis.

177 2999 333 3060 Proximus
356 3017 450 3059 annus
474 3008 559 3061 erat:
590 2998 758 3061 Pallantide
774 3016 880 3059 caesus
903 2998 1008 3061 cadem

221 3086 324 3148 Didius
347 3086 470 3147 hostiles
492 3089 682 3167 ingeminavit
704 3104 793 3166 opes.

176 3173 240 3235 Lux
264 3175 388 3256 eadem,
407 3174 559 3254 Fortuna,
582 3182 633 3236 tua
655 3182 723 3255 est,
744 3183 909 3253 auctorque
931 3173 1090 3254 locusque.

112 3273 163 3321 570
223 3262 280 3323 Sed
304 3264 511 3342 superiniectis
534 3263 601 3342 quis
623 3261 694 3324 latet
717 3264 773 3323 istc
796 3258 900 3342 togis?

179 3348 298 3411 Servius
322 3359 389 3432 est3
411 3359 443 3411 et
464 3358 580 3412 constat
602 3351 702 3411 enim.
744 3350 796 3411 sed
819 3367 909 3412 causa
931 3349 1045 3414 latendi

221 3435 396 3518 Discrepat,
420 3446 450 3498 et
472 3437 595 3499 dubium
617 3455 665 3497 mc
688 3456 806 3517 quoque
830 3440 939 3500 mentis
962 3437 1069 3500 hahet.

178 3521 254 3583 llum
277 3524 332 3584 dea
353 3526 477 3586 furtivos
501 3525 602 3586 timida
625 3526 782 3604 profitetur
804 3542 939 3609 amores,
