2386 3892
90 177 156 243 234
399 116 402 121 ⁴
501 177 694 230 aasuouuu

148 342 245 422 olpse
268 360 323 421 ego
345 359 399 402 vos
421 339 511 401 habui
535 339 636 402 faciles
658 341 690 401 in
713 356 813 411 amore
837 340 1009 421 ministros,

222 430 295 492 Cum
319 430 391 491 lusit
414 431 546 490 numeris
569 430 664 506 prima
686 429 805 489 iuventa
829 430 911 490 suis.

178 518 258 580 ldem
283 536 364 578 sacra
388 535 462 578 cano
486 519 657 595 signataque
680 522 814 596 tempora
837 517 940 579 lastis:

221 606 332 685 Ecquis
355 605 391 666 ad
415 605 487 666 lraec
510 603 592 665 illinc
614 602 752 665 crederer
773 622 840 665 esso
863 600 968 667 viam?

178 693 256 754 llaec
284 712 349 754 mea
376 693 479 753 militia
506 699 573 753 est.
615 692 739 753 ierimus
766 709 841 771 quae
869 711 1043 774 possumus,

724 797 822 860 arma,

132 883 164 931 10
224 869 391 947 dextraque
414 885 474 928 non
497 868 577 928 omni
600 884 724 928 munere
747 875 849 928 nostra
872 875 974 931 vacat.

179 957 211 1018 Si
234 957 307 1017 milri
330 975 389 1017 non
412 955 506 1016 valido
530 963 708 1035 torquentur
731 956 789 1035 pila
812 954 942 1036 lacerto,

222 1045 282 1106 Nec
306 1044 456 1105 bellatoris
479 1051 561 1122 terga
583 1052 760 1122 premuntur
783 1044 871 1124 equi,

177 1131 238 1193 Nee
261 1132 341 1211 galea
365 1133 516 1210 legimur,
539 1149 595 1192 uec
618 1140 705 1192 acuto
728 1133 878 1210 cingimur
900 1148 990 1212 ense,
1009 1163 1039 1176 -

222 1220 275 1281 llis
299 1219 403 1280 habilis
427 1218 493 1280 telis
517 1217 642 1297 quilibet
664 1237 729 1279 esse
753 1227 853 1298 polest
869 1251 907 1262 -

132 1322 163 1369 15
178 1309 215 1369 Al
237 1316 288 1369 tua
311 1309 520 1387 prosequimur
543 1306 675 1367 studioso
698 1314 841 1386 pectore,
865 1305 992 1388 Caesar,

222 1397 368 1478 Nomina,
390 1413 445 1475 per
467 1393 570 1455 titulos
591 1394 834 1474 ingredimurque
857 1402 945 1456 tuos.

178 1484 257 1562 Ergo
280 1484 350 1546 ades
373 1495 404 1545 el
425 1482 540 1563 placido
563 1481 682 1562 paulum
707 1500 771 1543 mea
794 1500 918 1544 munera
941 1481 1019 1544 vollu

222 1573 370 1654 Respice,
392 1571 524 1651 pacando
548 1570 644 1648 siquid
669 1569 705 1631 ab
728 1569 813 1632 hosle
836 1588 939 1634 vacas.

177 1658 294 1720 Februa
316 1660 440 1720 Romani
463 1659 564 1720 dixere
587 1660 713 1737 piamina
736 1667 854 1738 patres:

129 1760 164 1808 20
223 1746 308 1807 Nunc
332 1765 450 1825 quoqne
474 1746 544 1807 dant
567 1745 656 1807 verlro
679 1746 805 1826 plurima
829 1748 912 1826 signa
936 1747 1037 1809 fidem.

177 1834 337 1895 Pontifices
360 1834 396 1894 ab
419 1852 489 1914 rege
513 1842 619 1913 petunt
642 1843 672 1895 et
693 1834 810 1895 flamine
834 1834 936 1916 leuas,

222 1922 295 1993 Quis
319 1928 452 1982 veterum
474 1922 572 2000 lingua
596 1921 700 1983 februa
722 1939 831 1983 nomen
851 1929 936 1989 erat.

178 2009 317 2087 Quaeque
341 2011 419 2088 capit
441 2008 528 2070 liclor
550 2009 687 2071 domibus
710 2011 883 2090 purgamina
906 2017 1025 2092 ternus,

221 2096 345 2158 Torrida
369 2115 437 2158 cum
461 2099 536 2158 mica
559 2099 637 2158 iarra
649 2145 659 2179 ‚
682 2107 824 2159 vocantur
846 2098 943 2161 idem.

111 2198 145 2246 25
159 2185 272 2246 Nomen
295 2184 373 2246 idem
397 2202 501 2265 ramo,
525 2187 577 2264 qui
599 2203 703 2246 caesus
726 2185 763 2246 ab
786 2183 892 2247 arbore
915 2203 989 2265 pura

221 2272 307 2335 Casta
331 2273 518 2334 sacerdotum
540 2281 672 2352 tempora
695 2273 800 2335 fronde
823 2275 917 2351 regit.

177 2361 243 2442 lpse
268 2380 322 2440 ego
345 2361 520 2422 dominicam
543 2369 716 2439 poscentem
738 2361 842 2423 februa
865 2360 943 2442 ridi,

220 2450 337 2511 Februa
359 2451 494 2529 poscenti
515 2450 602 2527 pinea
625 2451 706 2528 virga
728 2449 795 2510 data
818 2456 881 2511 esi.

176 2538 309 2619 Denique
333 2537 541 2617 quodcumque
569 2542 615 2596 est
627 2581 637 2616 ,
665 2554 724 2615 quo
751 2554 878 2616 corpora
903 2544 1003 2597 nostra

722 2626 859 2705 piantur,

127 2726 161 2776 30
220 2712 282 2775 Hoc
305 2713 382 2793 apud
405 2716 538 2775 intonsos
561 2728 668 2798 nomen
691 2711 818 2773 habebat
840 2728 926 2774 avos.

175 2801 285 2862 Mensis
308 2801 344 2861 ab
367 2800 413 2862 his
437 2801 556 2880 dicius,
580 2808 659 2861 secta
683 2802 752 2879 quia
775 2799 850 2879 pelle
874 2799 988 2878 luperci

220 2888 314 2949 Omne
338 2887 432 2949 solum
456 2887 584 2949 lustrant
597 2935 606 2969 ,
628 2887 716 2966 idque
739 2889 857 2966 piamen
881 2886 1006 2947 habent:

177 2977 237 3038 rlut
259 2977 327 3054 quia
349 2974 472 3055 placaris
495 2982 565 3036 sunt
588 2983 721 3054 tempora
743 2993 819 3054 pura
841 2975 1022 3054 sepulchris,

219 3064 302 3126 Tunc
327 3080 394 3123 cum
417 3061 523 3123 ferales
546 3063 726 3142 praeteriero
749 3062 830 3124 dies.

127 3165 161 3216 35
176 3153 270 3215 Omne
293 3152 376 3212 neias
400 3168 575 3229 omnemque
599 3149 667 3211 mali
689 3152 861 3230 purgamina
885 3167 1000 3211 causam

219 3239 386 3303 Credebant
408 3240 503 3299 nostri
526 3237 629 3299 tollere
652 3255 740 3317 posse
763 3256 868 3300 senes.

175 3329 297 3389 Graecia
319 3329 497 3408 principium
522 3329 612 3386 moris
635 3326 715 3389 luit.
752 3325 800 3387 illa
823 3327 959 3390 nocentis

218 3416 309 3494 lmpia
332 3416 472 3478 lustratos
495 3431 605 3494 ponere
629 3415 706 3473 iacta
728 3420 830 3493 putat.

175 3502 334 3563 Actoriden
357 3502 486 3582 Peleus,
508 3504 605 3582 ipsum
629 3518 748 3580 quoque
770 3500 858 3563 Pelea
880 3499 971 3565 Phoci
