2386 3892
429 184 452 235 1.
471 186 619 238 tta-528.
961 181 1025 248 227

155 345 193 407 Et
216 364 290 426 quos
313 352 466 425 praeterea
488 344 574 424 longa
597 346 711 407 referre
735 362 817 409 mora
839 356 902 409 est.

110 434 205 496 Omne
229 435 323 494 solum
347 433 417 495 iorti
439 435 534 514 patria
557 442 602 495 est
614 480 624 514 ‚
647 442 681 496 ut
702 433 834 514 piscibus
857 451 987 518 aequor,

155 521 193 584 Ut
216 522 328 583 volucri
351 540 443 582 vacuo
467 521 608 601 quidquid
632 524 664 583 in
687 521 759 583 orbe
781 531 879 603 patet.

62 621 95 672 95
110 610 172 671 Nec
196 610 257 671 iera
281 617 440 688 tempestas
463 618 525 671 toto
549 617 647 671 tamen
669 609 772 672 horret
794 613 826 672 in
848 628 942 673 anno.

154 698 193 758 Et
215 698 321 758 tibi-
341 698 429 759 oredo
452 695 542 759 mihtt
561 730 594 740 -
613 706 746 778 tempora
768 701 846 760 veris
868 694 991 762 erunt.'

110 785 238 847 Vocibus
261 785 397 847 Evander
419 786 533 847 firmata
556 793 654 847 menta
677 788 809 866 parentis

155 873 235 934 Nave
259 883 339 935 secat
361 874 491 954 ssuotus,
515 871 746 954 Hesperiamque
769 881 868 936 tenet.

110 961 231 1040 iamque
255 970 348 1023 ratem
371 961 474 1022 doeme
497 963 612 1022 monitu
635 960 799 1023 Carmentis
821 964 854 1024 in
876 979 991 1024 amnem

62 1062 97 1111 00
156 1049 285 1130 ligarat,
310 1058 340 1110 et
361 1048 467 1110 Tuscis
490 1049 594 1110 obrius
617 1048 679 1111 ibat
700 1051 803 1130 aquis.

113 1137 258 1199 Fluminis
280 1137 329 1198 illa
351 1138 450 1217 latus,
472 1139 521 1198 eui
544 1144 615 1198 sunt
637 1137 708 1198 rada
730 1139 831 1199 iuncta
853 1135 993 1221 Tarenti,

157 1226 269 1304 Aspicit
292 1234 323 1286 et
345 1242 461 1305 sparsas
484 1242 538 1305 per
560 1222 623 1285 loca
646 1224 708 1286 sola
731 1242 831 1306 aasas3

112 1312 210 1392 thue
234 1321 320 1395 erat,
342 1314 482 1374 immissis
505 1330 635 1393 puppem
657 1314 741 1375 stetit
762 1319 829 1374 ante
853 1312 983 1394 capillis,

157 1400 368 1479 Continuitque
391 1418 509 1462 manum
532 1407 616 1462 torva
638 1401 769 1480 regentis
790 1402 865 1463 iter.

63 1499 98 1550 05
114 1489 152 1548 Et
175 1489 279 1568 procul
301 1491 332 1549 in
355 1489 488 1550 dextram
510 1487 636 1550 tendens
658 1506 711 1550 sua
734 1487 872 1550 braoohia
893 1490 988 1568 ripam

158 1576 248 1637 Pinea
270 1595 329 1637 non
353 1595 424 1637 sano
447 1584 494 1638 ter
515 1576 591 1656 peda
613 1585 693 1638 texta
715 1577 803 1657 ierit3

113 1664 192 1725 Neve
216 1664 299 1725 daret
322 1665 428 1726 saltum
451 1682 614 1745 properans
635 1666 773 1727 insistere
796 1672 912 1746 terrae,

157 1752 211 1812 Vix
235 1761 281 1814 est
303 1751 432 1814 Evandri
453 1756 559 1832 vixque
583 1760 698 1814 retenta
720 1770 826 1815 manu.

114 1835 242 1918 ‘Di’que
266 1836 458 1920 ‘petitorum'
482 1840 555 1901 dixit
577 1836 701 1903 ‘salvete
724 1841 876 1919 locorum,

67 1941 99 1990 ιο
157 1926 263 2006 Tuque
286 1946 377 1989 noros
400 1927 481 1989 eaelo
504 1935 583 1989 terra
606 1929 710 1991 datura
733 1928 822 2009 deos,

112 2015 306 2094 Fluminaque
330 2023 360 2077 et
381 2015 479 2077 fontes
491 2061 501 2098 ,
527 2016 636 2097 quibus
663 2019 758 2079 utitur
784 2015 899 2097 hospita
922 2012 1024 2096 tellus,

158 2103 196 2165 Et
218 2121 374 2165 nemorum
396 2103 541 2184 nymphae
563 2105 761 2184 naiadumque
784 2102 885 2166 ohorii

113 2190 184 2252 Este
208 2190 294 2252 bonis
316 2192 419 2253 avibus
441 2194 496 2255 risi
518 2201 647 2271 natoque
669 2193 820 2274 mihique,

158 2279 292 2360 Ripaqua
314 2279 394 2342 felici
417 2287 495 2342 taota
517 2281 634 2341 sitista
656 2278 752 2359 pedei

62 2379 99 2426 aa
114 2365 233 2448 Failor‚
256 2385 293 2429 an
316 2368 347 2429 hi
370 2369 443 2429 tient
463 2367 594 2447 ingentia
616 2368 732 2429 moenia
755 2365 863 2447 eolles,

158 2454 285 2534 luraque
309 2455 345 2517 ab
369 2456 423 2518 hae
447 2463 526 2516 terra
549 2463 648 2517 catara
670 2462 751 2516 terra
772 2449 880 2534 petet?

113 2542 263 2605 Montibus
287 2543 333 2605 his
356 2543 426 2605 olim
449 2550 531 2605 totus
552 2543 736 2624 promittitur
759 2540 857 2604 orbis.

160 2632 233 2703 Quis
256 2641 371 2693 tantum
393 2633 445 2693 tati
468 2631 570 2693 eredat
591 2624 849 2708 habera'looum?

115 2719 152 2780 Et
174 2721 232 2780 iam
254 2719 417 2782 Dardaniae
439 2727 561 2799 tangant
581 2719 654 2781 haec
676 2718 762 2780 litora
784 2719 891 2797 pinus.

62 2817 100 2867 tao
159 2806 214 2868 iiio
238 2824 355 2888 quoque
378 2825 467 2870 causa
489 2809 558 2869 novi
579 2808 689 2868 famina
709 2809 814 2870 martis
835 2808 910 2868 erit.

115 2893 187 2955 Cara
211 2912 327 2976 nepos,
349 2894 450 2975 Palla,
473 2894 590 2957 iunesta
612 2895 683 2975 quid
706 2894 806 2958 induis
827 2890 933 2956 arma?

158 2981 273 3044 lnduei
301 3002 360 3045 nou
383 2982 488 3045 humili
511 2983 626 3045 vindica
649 3000 754 3045 eaesus
776 2984 854 3045 eris.

115 3069 197 3131 Victa
220 3079 319 3133 tamen
341 3073 442 3133 vineas
454 3106 470 3152 ‚·
486 3088 647 3151 eversaque
670 3070 759 3132 Troia
781 3085 936 3148 resurgesz

159 3158 267 3220 Obruit
287 3159 411 3221 hostiles
433 3160 491 3221 ista
513 3162 599 3221 ruina
621 3159 741 3220 domos.

62 3253 100 3305 tat
113 3245 196 3307 Urite
220 3248 357 3309 viatrioes
379 3247 528 3326 Neptunia
549 3247 690 3324 Pergama
713 3240 864 3306 ilammaai

159 3334 236 3396 Num
259 3337 358 3397 minus
379 3335 430 3397 hio
452 3342 514 3396 toto
538 3341 584 3397 ast
605 3333 692 3394 altior
714 3332 787 3393 orba
810 3328 911 3394 cinis?

114 3421 173 3482 Iam
197 3424 265 3501 pius
288 3422 401 3484 Aeneas
423 3439 506 3484 saora
529 3429 581 3502 et,
604 3437 686 3482 saera
709 3419 800 3481 altera
813 3466 823 3500 ‚
845 3427 959 3498 patrem

158 3510 301 3572 Adferat:
333 3511 438 3572 iliacos
461 3510 584 3590 accipe,
606 3506 716 3589 Vesta,
739 3507 826 3568 deos.

818 3604 872 3662 15*
