2386 3892
147 178 212 244 202
555 178 605 228 ex
622 175 741 229 Ponro

280 343 406 422 Exiguus
431 358 519 420 carpo
543 357 666 401 munere
689 357 803 420 pauper
826 358 915 419 opes.

237 432 297 492 Nec
321 432 426 491 vestris
446 429 549 490 damus
568 428 641 489 haec
665 428 781 509 oculis,
804 427 910 507 procul
928 427 1009 490 Urbe
1034 432 1155 492 remoti:

280 518 417 580 Contenti
441 520 529 578 tacita
554 517 606 577 sed
629 518 738 596 pietate
763 534 882 577 sumus.

172 620 221 668 125
236 606 274 668 Et
296 615 395 668 tamen
418 605 490 666 haee
514 613 635 683 tangent
659 603 815 683 aliquando
840 603 975 665 Caesaris
998 623 1104 668 aures.

281 695 327 756 Nil
350 694 393 755 illi
406 740 415 773 ,
439 702 501 754 toto
526 694 605 772 quod
628 693 662 753 lit
684 695 714 753 in
739 692 833 773 orbe,
856 693 944 753 latet.

236 784 280 844 Tu
305 789 387 844 certe
412 785 470 843 scis
493 782 549 842 hoc
562 828 571 862 ,
595 784 711 860 superis
735 782 826 842 ascite
839 827 848 860 ,
871 780 1016 860 ridesque
1024 827 1033 862 ,

282 871 409 951 Caesar,
435 878 467 932 ut
491 878 536 931 est
559 869 652 930 oculis
676 868 793 930 subdita
816 877 896 929 terra
919 871 998 930 tuis.

238 959 282 1020 Tu
307 967 422 1019 nostras
446 959 529 1019 audis
553 960 631 1019 inter
656 975 785 1019 convexa
807 957 921 1018 locatus

173 1061 222 1110 130
282 1046 407 1127 Sidera,
431 1045 555 1107 sollicito
579 1063 652 1124 quas
676 1046 778 1106 damus
802 1063 875 1125 ore,
900 1063 1024 1125 preces.

239 1135 427 1212 [Perveniant
450 1137 527 1195 istuc
551 1142 581 1194 et
599 1137 730 1195 carmina
753 1134 878 1194 forsitan
900 1133 949 1194 illa
961 1180 971 1215 ,

283 1224 363 1293 Quae
387 1224 423 1283 de
447 1232 476 1283 te
500 1224 568 1282 misi
591 1222 694 1283 caelite
718 1223 793 1282 lacta
817 1219 924 1298 novo]

238 1312 375 1390 Auguror
399 1311 445 1372 his
467 1312 558 1389 igitur
581 1310 662 1371 ssecti
685 1321 734 1371 tua
757 1312 900 1372 numina.
942 1327 999 1371 nec
1021 1318 1055 1372 tu

281 1401 421 1461 Inmerito
446 1417 554 1460 nomen
577 1401 648 1460 mite
672 1400 804 1477 parentis
826 1397 939 1460 habes.

626 1592 668 1662 X.

237 1751 316 1811 llaec
339 1750 411 1811 mihi
435 1750 592 1811 Cimmerio
616 1748 662 1810 bis
686 1751 773 1810 tertia
796 1749 916 1810 ducitur
938 1757 1035 1812 aestas

281 1839 380 1899 Litore
403 1837 520 1917 pellitos
543 1841 621 1899 inter
645 1838 755 1915 agenda
778 1835 884 1898 Getas.

236 1926 354 2005 Ecquos
377 1934 410 1987 tu
434 1926 553 2007 silices,
578 1926 714 2004 ecquod,
738 1927 912 2006 carissime,
935 1925 1050 1987 terrum

281 2015 412 2075 Duritiae
436 2015 554 2075 coniers
567 2061 576 2094 ,
599 2014 778 2075 Albinovano
791 2060 800 2093 ,
823 2010 933 2075 meae?

206 2103 326 2163 oGutta
350 2111 431 2163 cavat
454 2101 598 2180 lapidem:
631 2104 815 2164 consumitur
838 2099 946 2163 anulus
970 2119 1045 2164 usu:

282 2190 428 2252 Alteritur
451 2207 554 2269 pressa
577 2208 677 2251 vomer
700 2190 832 2252 aduncus
855 2189 964 2251 humo.

236 2278 366 2357 Tempus
389 2279 462 2339 edax
485 2281 576 2357 igitur
599 2286 717 2357 praeter
741 2296 794 2339 nos
818 2281 915 2339 omnia
938 2277 1054 2358 perdit:
1093 2289 1144 2337 (1³1)

282 2366 384 2428 Cessat
406 2367 515 2428 duritia
539 2385 619 2428 mors
643 2384 760 2445 quoque
784 2367 860 2427 victa
883 2384 966 2428 mea.

237 2454 410 2535 Exemplum
435 2465 480 2516 est
502 2458 592 2517 animi
614 2456 740 2515 nimium
762 2456 902 2533 patientis
924 2453 1043 2536 Ulixes,

190 2556 223 2605 10
282 2544 409 2606 lactatus
433 2542 521 2604 dubio
545 2561 599 2622 per
622 2543 680 2603 duo
703 2542 798 2604 lustra
819 2544 910 2603 mari.

237 2631 382 2711 Tempora
405 2632 523 2693 solliciti
546 2631 597 2691 sed
621 2649 681 2692 non
704 2639 802 2692 tamen
825 2633 923 2692 omnia
947 2631 1000 2693 lati

281 2719 428 2799 Pertulit,
452 2727 482 2780 et
504 2719 633 2798 placidae
658 2737 744 2798 saepe
767 2720 851 2780 luere
874 2737 995 2780 morae.

236 2805 280 2865 An
304 2823 391 2883 grave
415 2825 466 2867 sex
490 2810 575 2868 annis
598 2807 751 2887 pulchram
774 2807 882 2869 fovisse
907 2807 1046 2888 Calypso,

280 2893 450 2971 Aeaeaeque
474 2896 530 2956 suit
553 2894 749 2957 concubuisse
773 2892 871 2956 deae?

189 2993 221 3042 to
236 2980 352 3060 Excipit
375 2980 577 3061 Hippotades,
601 2987 652 3063 qui
675 2984 725 3044 dat
747 3001 801 3063 pro
825 3001 949 3044 munere
972 2992 1093 3064 ventos,

280 3070 389 3130 Curvet
412 3078 446 3131 ut
468 3070 602 3148 inpulsos
625 3072 706 3132 utilis
729 3089 800 3134 aura
824 3073 925 3133 sinus.

235 3158 296 3220 Neo
319 3157 395 3219 bene
419 3161 564 3219 cantantis
589 3158 671 3220 labor
694 3168 740 3220 est
763 3159 865 3221 audire
888 3159 1021 3239 puellas:

279 3245 341 3307 Nec
365 3246 533 3325 degustanti
556 3247 631 3308 lotos
655 3266 752 3308 amara
775 3250 853 3311 luit.

237 3332 297 3394 llos
320 3353 397 3413 ego,
421 3338 472 3413 qui
495 3339 607 3414 patriae
631 3336 740 3397 saciant
762 3335 891 3417 oblivia,
914 3353 1004 3399 sucos

187 3432 221 3480 20
279 3420 365 3482 Parte
388 3440 470 3483 meae
494 3426 591 3505 vitae,
615 3424 749 3484 simodo
774 3424 906 3504 dentur,
931 3420 1041 3486 emam!

237 3507 310 3582 [Nec
334 3516 366 3569 tu
390 3510 551 3572 contuleris
574 3511 679 3573 urbem
702 3511 911 3593 Laestrygonis
934 3526 1072 3592 umquam
