2386 3892
427 172 472 223 IV.
493 168 638 225 141-2'09.

161 334 314 413 Paenitet,
338 342 368 393 et
391 335 459 394 lacti
483 335 544 394 sola
567 335 679 413 pudore
703 334 791 395 latet:

118 421 185 481 Sive
210 422 286 500 quod
311 420 427 481 Electra
451 422 554 482 Troiae
579 428 711 501 spectare
735 425 835 482 ruinas

161 509 224 568 Non
248 509 336 589 tulit,
360 517 427 570 ante
452 509 553 570 oculos
577 513 772 589 opposuitque
797 528 932 570 manum.

223 645 251 709 3.
275 644 334 709 Eo
380 647 410 709 4.
433 644 490 709 Fu
505 663 839 710 svor-marsuae

118 772 176 831 Ter
200 773 261 831 sine
286 780 429 850 perpetuo
455 772 568 833 caelum
591 781 726 832 versetur
749 775 779 832 in
803 790 873 849 axe,

72 873 103 920 80
162 859 220 918 'ler
243 862 344 935 iungat
367 860 452 919 Titan
476 869 581 938 terque
605 859 732 920 resolvat
755 877 865 938 eqiros,

117 947 257 1006 Protinus
279 947 384 1006 lnllexo
408 947 581 1026 Berecyntia
605 947 675 1008 tibia
700 965 812 1007 cornu

162 1033 276 1114 Flebit,
300 1042 330 1093 et
352 1035 453 1095 Idaeae
478 1036 551 1095 iesta
574 1037 706 1115 parentis
730 1042 835 1095 erunt.

118 1122 205 1181 lbunt
229 1124 398 1182 semimares
422 1132 452 1182 et
474 1125 570 1191 inania
595 1132 730 1202 tympana
754 1124 899 1199 tundent,

163 1211 295 1286 Aeraque
320 1212 444 1269 tinnitus
469 1229 536 1269 aere
559 1211 676 1289 repulsa
700 1210 828 1271 dabunt.

72 1311 103 1357 35
118 1297 184 1375 lpsa
208 1297 314 1355 sedens
338 1296 419 1355 molli
442 1299 581 1357 comitum
605 1300 718 1358 cervice
743 1299 856 1357 leretur

162 1383 250 1443 Urbis
273 1402 326 1462 per
350 1385 460 1444 medias
484 1384 630 1445 exululata
654 1387 733 1445 vias.

119 1472 231 1531 Scaena
255 1479 360 1551 sonat,
384 1471 504 1550 ludique
527 1481 653 1532 vocant.
694 1479 846 1553 spectate,
871 1473 1017 1553 Quirites,

164 1559 202 1617 Et
225 1560 287 1617 lora
311 1557 402 1619 Marte
426 1577 479 1619 suo
503 1559 627 1636 litigiosa
650 1566 770 1620 vacent.

120 1648 270 1716 Quaerere
294 1647 384 1705 multa
408 1645 501 1726 libet,
525 1647 576 1707 sed
600 1665 646 1707 me
670 1665 760 1708 sonus
783 1650 860 1708 aeris
884 1650 961 1709 acuti

72 1748 103 1796 uo
164 1734 269 1793 Terret
292 1743 321 1793 et
344 1734 492 1794 horrendo
515 1734 591 1796 lotos
615 1735 727 1796 adunca
751 1754 839 1797 sono.

122 1818 200 1897 ‘Da‚
224 1821 298 1901 dea,
322 1840 408 1900 quem
433 1818 558 1883 sciterf
599 1823 700 1884 doctas
723 1822 856 1901 Cybeleia
880 1832 983 1902 neptes

167 1907 264 1988 Vidit,
288 1917 317 1968 et
339 1910 391 1969 bas
414 1929 502 1970 curae
526 1912 613 1971 iussit
635 1912 738 1972 adesse
762 1930 860 1972 meae.

121 1991 279 2076 ‘Pandite,
302 1998 430 2058 mandati
453 2016 620 2077 memores,
644 1998 792 2060 Heliconis
816 1999 971 2078 alumnae,

165 2083 294 2144 Gaudeat
316 2086 434 2145 assiduo
458 2104 511 2146 cur
535 2087 588 2146 dea
612 2086 715 2166 lllagna
738 2082 844 2147 sono.’

72 2184 104 2232 uo
122 2171 170 2230 Sic
195 2190 269 2248 ego.
312 2174 353 2231 sic
377 2172 487 2234 Erato:
511 2207 543 2216 —
568 2177 677 2235 mensis
701 2175 874 2253 Cythereius
898 2173 940 2233 illi

166 2258 262 2318 Cessit
274 2305 283 2338 ,
307 2259 385 2336 quod
408 2263 504 2320 teneri
526 2279 633 2322 nomen
657 2265 763 2323 amoris
786 2262 875 2322 babet
897 2295 932 2304 —

122 2342 261 2406 ‘lteddita
286 2346 413 2408 Saturno
437 2366 502 2408 sors
525 2348 597 2411 haec
620 2357 683 2410 erat
696 2395 705 2430 ,
729 2345 861 2429 “optime
884 2366 1005 2427 regum,

165 2434 187 2493 Α
212 2443 280 2494 nato
304 2437 428 2513 sceptris
452 2439 601 2497 excutiere
625 2432 730 2497 tuis.’'

119 2521 171 2581 llle
196 2540 299 2601 suam,
324 2532 480 2603 metuens,
504 2532 537 2584 ut
555 2543 688 2604 quaeque
713 2532 776 2584 erat
798 2525 898 2604 edita,
921 2523 1033 2601 prolem

72 2624 104 2672 00
165 2608 291 2669 Devorat
303 2655 312 2688 ,
335 2612 502 2672 immersam
525 2612 747 2690 visceribusque
771 2620 868 2672 tenet.

124 2696 217 2775 Saepe
241 2697 321 2757 Rhea
345 2708 448 2777 questa
471 2707 537 2780 est,
562 2703 670 2760 totiens
694 2700 819 2760 fecunda
842 2717 897 2759 nec

666 2804 805 2865 umquam

165 2872 278 2952 Mater,
303 2882 332 2933 et
354 2874 480 2934 indoluit
502 2873 653 2933 fertilitate
677 2892 746 2937 sua.

120 2960 252 3039 luppiter
276 2969 359 3022 ortus
383 2969 467 3022 erat:
491 2993 524 3004 -
547 2979 602 3040 pro
626 2979 729 3040 magna
753 2971 829 3025 teste
854 2965 982 3019 vetustas

167 3048 325 3130 Creditur3
349 3058 498 3129 acceptam
521 3068 609 3129 parce
634 3067 752 3110 movere
775 3050 862 3108 fidem
887 3074 918 3086 -·

72 3149 106 3196 05
121 3135 207 3195 Veste
232 3137 325 3197 latens
349 3154 450 3197 saxum
474 3139 593 3198 caelesti
617 3143 736 3212 gutture
761 3133 853 3194 sedit.

166 3223 214 3283 Sic
238 3227 354 3301 genitor
377 3224 444 3284 latis
467 3223 659 3304 decipiendus
682 3228 761 3280 orat.

121 3310 219 3371 Ardua
243 3311 413 3372 iamdudum
437 3321 556 3372 resonat
579 3305 735 3368 tinnitibus
759 3305 827 3384 lde,

166 3398 260 3459 Tutus
284 3408 318 3458 ut
340 3400 445 3458 inlanti
468 3397 563 3474 vagiat
585 3408 636 3450 ore
660 3409 760 3467 puer..

121 3484 193 3544 Pars
217 3485 326 3565 clipeos
350 3484 507 3560 manibus,
530 3479 632 3559 galeas
651 3495 718 3554 pars
742 3479 839 3541 tundit
861 3481 978 3542 inanes:

85 3593 168 3634 ovm.
195 3595 238 3637 111.
848 3588 879 3639 19
