2408 3900
145 182 208 248 152
562 186 612 236 ux
628 184 749 236 rouro

231 346 364 425 Denique
388 355 488 408 tantus
511 364 594 408 amor
616 345 703 408 nobis
715 393 724 427 ,
748 349 922 427 carissime,
946 366 1082 429 semper,

276 434 411 505 Quantus
433 438 464 496 in
487 434 613 496 Aeacide
636 434 851 515 Nestorideque
876 437 949 497 luit.

231 522 297 583 Non
322 541 399 602 ego,
422 526 448 583 sl
471 523 590 584 biberes
614 541 737 584 securae
759 524 865 603 pocula
888 523 1015 604 Lethes,

277 610 421 672 Excidere
445 611 518 672 haec
542 611 661 672 credam
679 620 801 690 pectore
824 630 912 691 posse
936 623 1006 674 tuo.
1104 677 1105 680 ,

184 709 217 759 25
232 699 333 778 Longa
355 699 419 761 dies
443 702 531 761 citius
553 699 680 761 brumali
703 700 823 781 sidere,
846 718 964 780 noxque

276 786 401 848 Tardior
424 787 549 849 hiberna
571 787 731 848 solstitialis
754 790 830 869 erit,

232 874 294 936 Nec
312 874 442 955 Babylon
462 884 593 956 aestum,
617 893 674 936 nec
692 876 802 954 frigora
821 876 934 937 Pontus
957 877 1096 959 babebit,
1111 891 1154 944 (eo)

278 963 439 1042 calthaque
461 963 620 1025 Paestanas
642 967 741 1025 vincet
763 963 854 1025 odoro
878 983 980 1045 rosas,

234 1051 329 1122 Quam
352 1051 407 1112 tibi
430 1059 600 1112 nostrarum
622 1054 742 1112 veniant
764 1051 871 1113 oblivia
893 1070 1012 1118 rerum.

185 1152 220 1200 30
279 1139 344 1199 Non
368 1141 409 1200 ita
430 1158 500 1219 pars
523 1140 575 1201 lati
599 1140 721 1201 candida
744 1140 825 1201 nulla
846 1144 905 1203 mei
929 1151 993 1203 est.

232 1226 276 1288 Nc
299 1237 399 1288 tamen
421 1226 495 1290 haec
518 1228 577 1289 dici
598 1230 694 1307 possit
715 1228 824 1289 fiducia
847 1229 973 1290 mendax

280 1315 435 1394 Stultaque
459 1316 623 1377 credulitas
642 1324 745 1377 nostra
767 1317 882 1396 luisse,
905 1334 994 1398 cave,

234 1404 447 1483 Constantiquc
470 1405 528 1466 fide
551 1412 684 1465 veterem
706 1412 805 1466 tutare
829 1405 976 1484 sodalem,

279 1493 343 1563 Qua
366 1492 436 1554 licet
459 1501 490 1554 et
512 1500 656 1573 quantum
679 1511 739 1554 non
763 1511 908 1554 onerosus
932 1512 1013 1555 ero..

628 1684 672 1758 V.

236 1842 360 1904 Condita
384 1843 552 1922 disparibus
575 1847 709 1905 numeris
732 1862 787 1922 ego
809 1843 888 1905 Naso
912 1844 1018 1907 Salano

280 1930 451 2010 Praeposita
473 1935 542 1993 misi
564 1932 655 1993 verba
677 1932 773 1994 salute
796 1950 880 2014 meo;

235 2019 316 2090 Quae
339 2027 403 2080 rata
426 2022 466 2081 sit
487 2023 598 2101 cupio,
620 2020 771 2101 rebusque
795 2028 830 2082 ut
852 2030 1002 2100 competat
1024 2041 1132 2105 omen,

279 2106 321 2168 Te
345 2126 453 2187 precor
476 2126 492 2168 a
516 2109 594 2169 salvo
618 2113 734 2189 possit,
757 2111 851 2170 amice
864 2157 881 2189 ,.
897 2109 972 2188 legi.

209 2195 376 2275 dilaudor,
399 2199 431 2256 in
454 2195 511 2257 boc
533 2215 604 2258 aevo
628 2215 677 2258 res
699 2199 896 2258 intermortua
919 2215 1032 2279 paene,

279 2283 378 2363 Exigit
390 2331 399 2365 ,
422 2294 456 2346 ut
479 2286 583 2346 laciam
606 2284 676 2346 talia
698 2294 786 2367 vota,
810 2294 897 2346 tuus.

211 2440 212 2444 ,
235 2371 309 2433 Nam
332 2374 440 2434 luerim
463 2375 597 2452 quamvis
620 2373 736 2434 modico
758 2373 814 2434 tibi
835 2376 956 2435 iunctus
980 2374 1016 2435 ab
1040 2394 1118 2456 usu,

280 2461 394 2523 Diceris
418 2463 513 2523 exiliis
536 2461 699 2523 indoluisse
722 2465 814 2523 meis:

138 2541 141 2546 ’
235 2549 383 2631 Missaque
406 2550 442 2611 ab
465 2550 582 2612 Euxino
605 2549 721 2629 legeres
744 2567 813 2612 cum
836 2552 967 2611 carmina
989 2551 1106 2632 Ponto,

189 2650 221 2698 10
279 2638 330 2700 llla
354 2648 424 2701 tuus
447 2640 523 2700 iuvit
545 2638 772 2718 qualiacumque
795 2638 894 2700 lavor:

236 2725 411 2806 Optastique
434 2725 555 2788 brevem
579 2726 650 2787 salvi
672 2727 745 2787 mibi
768 2726 902 2787 Caesaris
924 2729 1018 2809 iram,
1058 2765 1065 2784 ,ι

281 2814 366 2884 Quod
389 2823 488 2876 tamen
511 2817 630 2895 optari,
653 2818 679 2876 si
703 2817 798 2894 sciat,
819 2817 886 2894 ipse
909 2817 1003 2875 sinat.

235 2901 369 2963 Moribus
391 2904 449 2962 ista
471 2906 531 2964 tuis
553 2914 614 2963 tam
637 2905 718 2964 mitia
742 2910 808 2963 vota
832 2903 958 2982 dedisti,

281 2990 347 3051 Nec
365 2992 465 3051 minus
488 2991 600 3052 idcirco
624 3000 695 3053 sunt
717 3009 752 3051 ea
774 2999 858 3069 grata
881 2991 968 3050 mibi.

189 3090 220 3140 15
237 3079 362 3158 Quoque
381 3081 474 3158 magis
492 3097 629 3141 moveare
647 3079 749 3160 malis,
769 3080 958 3159 doctissime,
976 3082 1105 3160 nostris,
1118 3094 1161 3144 (⁵1)

281 3168 428 3229 Credibile
452 3177 499 3229 est
521 3169 587 3229 lieri
610 3168 784 3229 condicione
807 3167 883 3229 loci.

235 3255 289 3316 Vix
312 3257 368 3318 bac
390 3260 524 3319 invenies
547 3265 665 3337 totum,
689 3257 762 3318 mibi
785 3256 896 3335 crede,
919 3273 975 3335 per
997 3256 1121 3338 orbem,

281 3344 362 3414 Quae
386 3348 485 3407 minus
508 3346 640 3423 Augusta
663 3364 737 3424 pace
760 3346 877 3406 truatur
900 3344 1028 3407 bunius.

235 3430 281 3491 Tu
304 3439 402 3494 tamen
425 3433 475 3495 hic
498 3443 629 3496 structos
652 3437 731 3494 inter
754 3433 816 3493 fera
837 3433 952 3512 proelia
975 3450 1081 3497 versus

188 3530 221 3578 20
280 3517 320 3578 Et
341 3520 415 3599 legis
438 3531 468 3584 et
491 3521 584 3584 lectos
608 3540 660 3582 ore
683 3523 801 3583 favente
823 3521 950 3601 probas,
