2386 3892
90 199 153 270 156
497 206 547 256 nx
563 204 683 258 PONTO
717 202 720 207 '

222 369 341 450 Credit,
364 376 394 429 et
416 370 479 448 ipsa
503 385 587 430 suam
609 369 708 428 nescia
731 368 804 428 vitat
826 384 931 446 opem.

177 456 309 518 Membra
332 455 527 518 reformidant
553 455 671 517 mollem
699 472 819 535 quoque
846 456 944 516 saucia
966 461 1102 519 tactum

222 545 360 623 Vanaque
384 543 518 605 sollicitis
540 545 648 605 incutit
671 542 776 604 umbra
798 550 929 604 metum.

134 644 165 694 15
181 632 230 694 Sic
254 650 308 710 ego
332 632 468 693 fortunae
492 632 558 692 telis
581 631 715 692 confixus
737 631 849 710 iniquis
1057 644 1098 695 <ot

222 719 346 781 Pectore
371 722 506 799 concipio
529 719 570 780 nil
593 721 651 780 nisi
673 720 759 780 triste
782 736 867 780 meo.

179 807 238 869 lam
263 809 335 869 mihi
357 808 416 870 iata
438 808 533 886 liquet
555 814 677 886 coeptos
700 808 847 867 servantia
870 823 974 867 cursus

224 897 283 957 Per
305 896 362 957 sibi
385 904 542 957 consuetas
565 912 683 974 semper
704 897 783 955 itura
806 895 885 954 vias:

159 983 343 1046 -Observare
367 984 461 1059 deos,
484 982 594 1061 nequid
617 982 690 1043 mihi
713 980 798 1042 cedat
820 983 933 1043 amice:

132 1085 165 1133 20
225 1071 378 1150 Verbaque
402 1070 551 1132 Fortunae
574 1073 620 1130 vix
642 1078 716 1150 puto
738 1086 826 1149 posse
850 1067 932 1130 dari.

179 1158 233 1220 Est
255 1159 298 1219 illi
321 1177 409 1220 curae
433 1177 480 1219 me
503 1157 650 1238 perdere.
692 1174 827 1236 quaeque
853 1155 964 1217 solebat

224 1246 298 1308 Esse
321 1248 416 1327 levis,
439 1255 577 1308 constans
600 1254 632 1307 et
653 1245 729 1305 bene
752 1253 834 1306 certa
856 1251 963 1305 nocet.

180 1334 275 1398 Crede
298 1336 392 1417 mibi,
416 1338 441 1397 si
464 1353 531 1397 sum
553 1336 616 1394 veri
639 1332 693 1394 11111
716 1334 853 1412 cognitus
877 1333 955 1411 oris,

224 1423 285 1485 Nec
307 1424 466 1504 planusio
490 1424 600 1483 nostris
623 1420 740 1481 casibus
764 1437 830 1482 esse
853 1427 959 1500 puter,

133 1525 166 1573 25
182 1512 340 1591 Cinyphiae
364 1514 472 1589 segetis
496 1514 584 1571 citius
606 1508 776 1570 numerabis
799 1510 925 1588 aristas,

224 1600 348 1678 Altaque
371 1617 459 1677 quam
482 1599 584 1659 multis
605 1598 710 1658 lloreat
731 1595 824 1676 Hybla
846 1594 971 1675 thymis:

181 1685 219 1747 Et
242 1695 315 1765 quot
338 1704 406 1747 aves
428 1689 517 1746 motis
540 1689 673 1746 nitantur
694 1688 725 1745 in
750 1690 818 1745 aire
841 1685 966 1765 pennis,

227 1774 365 1852 Quotque
389 1781 491 1835 natent
512 1776 610 1853 pisces
633 1790 783 1851 aequore,
807 1778 909 1833 certus
932 1773 1006 1849 cris,

182 1861 276 1932 Quam
298 1860 352 1922 tibi
375 1870 546 1922 nostrorum
569 1869 715 1923 statuatur
738 1877 852 1921 summa
875 1858 1023 1938 laborum,

133 1962 167 2010 30
227 1950 309 2020 Quos
332 1967 386 2028 ego
411 1967 476 2010 sum
499 1957 601 2031 terra,
625 1967 699 2029 qnos
721 1966 777 2028 ego
799 1964 907 2028 passus
930 1963 1019 2027 aqua.

181 2037 267 2098 Nulla
290 2036 371 2097 Getis
394 2044 457 2097 toto
480 2054 553 2115 gens
577 2045 624 2097 est
646 2035 843 2098 truculentior
866 2034 958 2098 orbe:

227 2124 284 2184 Sed
303 2131 402 2185 tamen
425 2124 456 2184 hi
479 2126 589 2184 nostris
611 2127 783 2204 ingemuere
806 2123 909 2186 malis.

183 2213 264 2284 (11111
287 2212 344 2277 tibi
365 2215 391 2274 si
414 2214 537 2272 memori
561 2231 652 2273 coner
674 2211 862 2292 perscribere
886 2228 992 2290 versu,

225 2299 293 2361 lllas
316 2309 362 2362 cst
385 2302 436 2362 lati
459 2300 546 2379 longa
568 2301 668 2362 lutura
690 2303 766 2360 mei.

134 2400 167 2450 35
181 2388 246 2449 Non
269 2390 360 2468 igitur
383 2407 509 2468 vereor,
528 2390 596 2468 quia
619 2396 649 2448 11
672 2406 740 2448 rear
762 2406 828 2449 esse
851 2386 1030 2463 verendum,

226 2476 317 2538 Cuius
341 2495 423 2538 amor
446 2475 531 2537 nobis
554 2478 678 2555 pignora
703 2475 781 2536 mille
805 2474 905 2536 dedit:

184 2563 241 2625 Sed
270 2567 339 2644 quia
365 2583 415 2626 res
444 2564 545 2625 timida
573 2572 619 2624 est
646 2565 742 2623 omnis
769 2565 882 2643 miser,
912 2570 942 2624 et
970 2562 1035 2642 quia

728 2651 887 2729 longeest
1051 2657 1086 2707 1111

226 2739 373 2818 Tempore
395 2740 523 2801 laetitiae
545 2742 632 2800 ianua
655 2739 754 2800 clausa
777 2756 877 2799 meae.

182 2826 242 2887 lam
266 2826 350 2887 dolor
372 2829 403 2887 in
426 2846 539 2888 morem
562 2831 643 2888 venit
665 2844 772 2888 meus.
812 2835 906 2905 utque
929 2824 1046 2886 caducis

134 2927 168 2976 40
226 2915 377 2975 Percussa
400 2914 506 2975 crebro
530 2933 598 2975 saxa
621 2924 762 2976 cavantur
785 2916 887 2996 aquiS,

183 3002 233 3064 Sic
256 3020 311 3081 ego
335 3004 475 3064 continuo
498 3003 633 3064 lortunae
657 3003 798 3064 vulneror
819 3004 900 3083 ictu,

227 3091 340 3170 Vixque
364 3089 452 3151 habet
474 3092 505 3150 in
528 3091 614 3151 nobis
636 3094 695 3153 iam
718 3109 792 3152 nova
814 3089 900 3169 plaga
922 3087 1036 3150 locum.

181 3179 243 3241 Nec
266 3182 359 3260 magis
381 3177 500 3240 assiduo
523 3197 624 3240 vomer
646 3187 787 3241 tenuatur
810 3178 847 3239 ab
869 3194 946 3257 usn,

226 3268 288 3329 Nec
310 3271 403 3348 magis
427 3275 473 3328 est
495 3269 595 3328 curvis
618 3267 712 3347 Appia
734 3270 802 3328 trita
825 3268 918 3345 rotis,

134 3361 168 3412 45
182 3355 306 3417 Pectora
329 3376 417 3436 quam
440 3374 505 3416 mea
528 3364 599 3417 sunt
621 3359 699 3416 serie
718 3362 835 3416 caecata
857 3353 1020 3414 malcrum:

226 3443 264 3504 Et
287 3444 360 3504 nihil
382 3446 504 3525 inveni,
527 3444 606 3522 quod
629 3444 702 3504 mihi
725 3444 817 3504 ierret
840 3458 945 3521 opem.

182 3529 304 3592 Artibus
327 3534 466 3610 ingenuis
489 3533 622 3611 quaesita
645 3541 691 3592 est
714 3531 806 3610 gloria
829 3527 951 3591 multis:
