2386 3892
90 188 155 253 252
495 189 687 240 PASTORUM

113 366 164 415 635
179 353 299 431 iamque
322 352 374 413 ubi
397 351 532 412 suadebit
554 351 684 431 placidos
711 369 769 412 nox
792 351 890 412 umida
914 367 1050 432 somnos,

224 441 317 519 Larga
340 442 491 518 precaturi
515 443 622 500 sumite
645 443 711 500 vina
733 454 840 519 manu,

180 529 217 589 Et
241 525 333 588 ‘bene
356 547 430 608 vos,
453 527 529 588 bene
553 535 605 608 te,
628 530 739 607 patriae
763 534 869 605 pater,
892 528 1003 605 optime

726 609 866 675 Caesarl'

224 703 318 765 Dicite
342 705 454 765 suliuso
477 721 532 782 per
554 703 630 763 bona
654 702 742 763 verba
766 720 865 763 mero.

444 841 496 907 23.
519 839 545 905 F
568 838 736 904 TER-tu

182 967 245 1027 Nox
269 968 320 1028 ubi
343 969 515 1048 transierit,
539 967 625 1027 solito
650 967 817 1028 celebretur
839 966 954 1028 honore

115 1067 167 1115 646
197 1129 200 1134 .
227 1055 349 1132 Separat
372 1054 480 1115 indicio
505 1057 555 1133 qui
579 1054 652 1116 deus
675 1073 742 1116 arva
766 1072 839 1115 suo.

172 1143 343 1223 Termine,
366 1145 426 1203 sive
450 1142 546 1222 lapis,
569 1145 629 1203 sive
653 1161 685 1203 es
709 1143 844 1203 defossus
866 1144 896 1203 in
920 1159 991 1221 agro

229 1231 348 1312 Stipes,
371 1231 407 1291 ab
432 1233 560 1309 antiquis
584 1238 615 1292 tu
639 1249 757 1309 quoque
780 1248 890 1290 numen
912 1229 1020 1291 babes.

181 1319 222 1377 Te
247 1320 304 1380 duo
329 1319 445 1380 diversa
467 1319 578 1379 domini
600 1337 654 1398 pro
678 1328 761 1397 parte
785 1325 945 1399 coronant,

227 1407 358 1485 binaque
381 1414 461 1467 serta
484 1407 538 1467 tibi
560 1406 687 1485 binaque
711 1406 769 1467 liba
792 1406 909 1468 iertmt.

117 1506 167 1557 645
182 1496 239 1555 Ara
263 1496 313 1556 iit:
336 1495 394 1556 hue
418 1497 516 1573 ignem
540 1502 624 1555 curto
648 1495 706 1554 lert
728 1497 840 1555 rustica
863 1501 942 1554 testu
1052 1505 1094 1556 666)

172 1604 176 1610 ·
228 1584 384 1661 sumptum
408 1583 444 1642 de
468 1583 575 1661 tepidis
597 1584 660 1660 ipsa
683 1581 786 1643 colona
810 1583 900 1643 iocis.

184 1670 275 1748 Ligna
298 1689 388 1730 senex
411 1673 538 1750 minuit,
563 1672 739 1749 concisaque
763 1672 910 1731 construit
933 1676 1013 1749 arte,

227 1758 266 1816 Et
289 1757 381 1817 solida
404 1775 501 1817 ramos
524 1759 614 1836 figere
638 1766 749 1836 pugnat
771 1758 879 1819 humo:

183 1846 259 1905 Tum
283 1847 362 1904 sicco
385 1847 495 1923 primas
517 1848 619 1905 inritat
643 1848 753 1906 cortice
777 1846 925 1926 flammas,

117 1945 168 1995 656
228 1933 293 1992 Stat
315 1951 390 2011 puer
413 1941 443 1993 66
467 1933 601 1994 manibus
624 1933 681 1993 lata
705 1935 832 1994 canistra
855 1940 953 1994 tenet.

183 2020 254 2081 lude
278 2020 329 2080 arbi
353 2028 398 2080 ter
421 2021 522 2098 fruges
546 2021 657 2081 medios
680 2023 802 2081 immisit
824 2023 854 2080 in
878 2023 972 2102 ignis,

227 2109 355 2185 Porrigit
377 2109 486 2168 incisos
509 2108 567 2167 iilia
590 2127 679 2187 parva
701 2109 798 2169 savos.

184 2195 256 2255 Vina
279 2203 382 2256 tenent
404 2195 474 2256 alii:
507 2195 636 2258 libantur
659 2196 774 2275 singula
795 2197 939 2276 flammis3

230 2284 392 2363 Spectant,
415 2291 445 2345 66
468 2283 576 2362 linguis
600 2285 722 2345 candida
744 2284 831 2346 turba
854 2285 948 2344 iavet.

119 2382 169 2434 655
185 2372 339 2451 Spargitur
364 2380 394 2432 et
417 2391 502 2432 caeso
526 2374 689 2432 eommunis
712 2372 870 2432 Terminus
893 2389 988 2451 agno,

228 2461 288 2520 Nec
313 2463 448 2539 queritur
460 2507 469 2540 ,
494 2460 604 2520 lactans
628 2477 694 2520 cum
718 2460 775 2521 sibi
797 2477 887 2540 porca
910 2460 1013 2520 datur.

184 2549 389 2628 Conveniunt,
413 2547 622 2626 celebrantque
646 2548 735 2627 dapes
757 2550 864 2609 vicinia
887 2547 1027 2628 simplex,

227 2636 265 2696 Et
289 2645 407 2696 cantant
429 2635 553 2715 laudes,
575 2637 714 2696 Termine
737 2644 837 2697 sancte
849 2682 859 2716 ,
882 2644 966 2696 tuas:

184 2719 247 2782 ‘Tu
270 2723 394 2802 populos
418 2724 567 2803 urbesque
591 2732 621 2784 et
643 2742 733 2802 regna
755 2726 886 2803 ingentia
908 2724 993 2784 finis:

119 2825 170 2873 666
229 2811 331 2870 Omnis
355 2813 412 2871 erit
434 2815 498 2872 sine
523 2821 551 2873 te
574 2811 719 2890 litigiosus
742 2830 827 2891 ager.

185 2898 269 2960 Nulla
293 2898 347 2958 tibi
371 2898 489 2958 ambitio
514 2909 558 2960 est
571 2947 580 2979 ,
604 2900 683 2960 nulio
707 2901 908 2980 corrumperis
931 2916 1021 2977 auro,

229 2986 371 3065 Legitima
394 3003 494 3046 servas
517 2988 628 3048 credita
650 3005 721 3048 rura
744 2988 821 3048 fide,

187 3075 219 3135 Si
243 3084 274 3136 tu
299 3077 445 3153 signasses
469 3073 538 3134 olim
562 3075 737 3154 Thyreatida
761 3083 888 3156 terram,

229 3162 360 3241 Corpora
383 3181 442 3223 non
465 3162 524 3222 leto
547 3165 635 3223 missa
658 3172 791 3224 trecenta
814 3164 930 3243 iurent,

121 3261 171 3311 665
186 3250 246 3310 Ν66
271 3252 347 3312 ioret
370 3250 534 3329 Othryades
558 3249 705 3329 congestis
728 3250 823 3322 lectus
845 3253 877 3311 in
900 3252 1008 3311 armis.

230 3338 254 3398 0
278 3348 420 3417 quantum
443 3341 554 3417 patriae
578 3341 729 3417 sanguinis
752 3338 800 3398 ille
824 3337 921 3400 dediti

187 3423 286 3504 Quid,
309 3444 382 3486 nova
406 3445 473 3487 eum
496 3427 602 3486 fierent
625 3423 796 3506 Capitolia?
828 3443 935 3505 nempe
960 3423 1080 3487 deorum

230 3512 342 3573 Cuncta
365 3513 425 3573 lovi
449 3517 539 3574 cessit
561 3514 671 3593 turba,
694 3513 851 3593 iocumque
875 3513 973 3576 dedit.
