2386 3892
955 161 957 166 ⁴
1001 160 1104 217 XXXV

93 328 173 406 quod
197 327 273 385 olim
296 324 407 384 conieci
424 327 560 384 inmumie
576 327 740 399 provincia,
763 343 823 385 non
840 330 941 401 potest
960 327 1022 386 eine
1041 346 1101 386 am·

93 416 223 492 bagibus
243 412 452 489 etymologiois
467 413 552 484 effici,
572 414 606 471 ut
621 412 767 490 significet
781 432 855 491 quas
870 415 991 475 Tacitus
1004 416 1102 474 tribus

94 504 168 564 locis
190 505 316 563 inermes
332 503 501 575 procinctae
523 500 605 560 dixit
659 502 815 577 vulgatum
838 506 932 563 omnio
948 507 1103 577 procincta

96 593 153 652 scio
183 609 202 650 a
229 590 296 649 viro
324 588 431 648 eximio
458 592 611 663 acceptum
634 589 671 647 de
693 591 840 663 republica
861 593 895 650 ln
916 597 1033 651 acacius
1049 610 1102 665 po

93 681 212 754 polique
234 678 364 736 Rotnani
392 675 547 736 brbc'lrium
574 678 732 753 translato,
760 678 838 754 quod
861 679 1016 756 Augustus
1039 681 1103 755 ipse

96 769 125 826 in
151 767 347 826 monumento
375 765 533 840 Ancyrano
561 763 597 822 de
625 783 657 823 se
683 766 842 840 professus.
898 767 934 825 de
967 769 1103 827 vocabuli

93 857 248 931 provincio
268 852 453 928 proprietate
475 870 535 911 non
557 852 653 911 ausim
674 853 818 912 iudicare:
848 853 987 914 Ovidium
1010 856 1101 915 credi-

96 943 190 1002 derim
213 941 404 1017 potissimum
431 940 467 998 de
495 958 610 999 summa
631 942 766 1015 potentia
788 942 884 1001 denuo
907 942 1034 1002 feliciter
1057 962 1103 1003 ac·

97 1035 182 1107 cepta
204 1027 449 1104 praedicaturum
471 1028 571 1087 luisse.
625 1030 703 1104 apud
721 1030 847 1090 Dionem
871 1035 951 1090 corte
974 1031 1010 1088 de
1033 1050 1102 1108 pro·

96 1119 261 1180 vinciar-um
290 1116 434 1175 divisione
461 1120 524 1175 tarn
546 1117 636 1192 plana
658 1135 692 1177 ac
715 1117 827 1177 diserta
848 1120 960 1178 mentio
984 1122 1042 1195 est,
1069 1124 1104 1178 ut

96 1208 156 1266 leni
179 1205 386 1264 emendatione
409 1205 448 1262 ad
474 1223 539 1263 cam
565 1204 661 1263 redire
689 1206 784 1266 liceat.
840 1208 905 1266 ociis
932 1211 978 1266 est
1001 1212 1102 1275 moab,

98 1297 159 1355 obis
181 1296 286 1353 onom.
341 1295 428 1351 castri
450 1293 553 1367 scripsi
576 1310 630 1369 pro
654 1311 698 1366 eo,
721 1294 800 1368 quod
823 1298 870 1353 est
892 1300 984 1354 cestro
1006 1296 1037 1352 in
1056 1315 1102 1354 co-

98 1383 211 1442 dicibus
236 1379 448 1441 vetustissimis
471 1379 636 1440 Petaviano
659 1385 691 1438 ot
713 1379 880 1456 Ursiniano,
903 1400 1029 1456 quorum
1052 1384 1103 1442 ille

99 1471 248 1548 syllabam
266 1487 303 1528 ue
320 1461 465 1543 adrasam,
484 1469 561 1527 alter
579 1468 729 1544 integram
748 1487 766 1527 a
783 1469 880 1544 prima
898 1487 996 1543 manu,
1015 1489 1104 1545 super

98 1561 208 1634 scripto
232 1576 251 1615 a
275 1556 403 1616 secunda
424 1575 475 1631 oo,
498 1557 637 1616 habebat.
691 1559 769 1616 orbis
796 1575 870 1617 onus
896 1559 1029 1632 proxime
1057 1561 1103 1617 est

97 1669 123 1707 v.
140 1649 215 1722 616,
239 1647 363 1703 acbatis
385 1663 457 1704 onus
479 1645 557 1718 apud
581 1644 697 1704 Livium
720 1644 822 1704 1149.
876 1647 1033 1722 genetivus
1057 1652 1104 1706 est

98 1735 195 1811 qualis
219 1734 300 1809 apud
313 1732 432 1791 Livium
446 1731 532 1790 XXII
547 1734 590 1791 40
609 1735 757 1792 consulum
771 1737 844 1792 anni
852 1737 965 1807 prioris
978 1736 1022 1792 M.
1038 1733 1102 1794 Ati·

98 1826 176 1897 lium,
202 1819 374 1879 Ciceronem
396 1819 433 1878 de
455 1838 538 1895 prov.
561 1838 639 1880 cons.
661 1823 679 1880 2
700 1819 720 1895 ὅ
740 1824 760 1880 4
778 1824 956 1896 procinctos,
980 1841 1104 1896 qaorum

99 1911 277 1969 Macedonio
294 1938 338 1948 -
357 1913 484 1968 amatur.
532 1911 687 1981 provincio
708 1927 762 1983 pro
781 1912 867 1984 parte
885 1910 1104 1984 provinciarum

99 1996 270 2057 offensionis
292 1995 368 2054 nihil
390 1996 489 2056 habet.

187 2077 638 2144 LIB.11103nuruvrnuus.
683 2085 753 2144 libri
766 2091 843 2145 meto
855 2089 992 2160 pavidos.

102 2169 163 2234 195
178 2183 383 2232 varanrmus
397 2183 511 2231 aunis.
564 2172 608 2232 ita
621 2173 691 2232 libri
700 2174 821 2233 meliore
835 2193 894 2233 uno
909 2177 1035 2250 excepto·
1042 2193 1103 2233 om-

100 2281 159 2321 nes.
211 2277 335 2319 versum
363 2262 536 2336 sequentem
558 2261 690 2336 spurium
713 2262 821 2338 habco,
850 2263 928 2338 quod
950 2261 1042 2321 cladis
1066 2266 1104 2322 ad

101 2349 271 2408 Cremeram
294 2351 431 2422 acceptae
450 2349 682 2407 memoriarum
706 2349 832 2408 Alliensi
855 2351 1011 2409 coniuncta
1029 2350 1103 2410 adeo

101 2439 272 2497 constanter
294 2434 412 2510 prodita
435 2440 496 2510 est,
523 2440 558 2494 ut
581 2434 721 2495 Ovidium
742 2437 841 2512 ipsum
863 2437 879 2495 I
904 2441 943 2496 59
973 2437 1036 2494 eius
1060 2457 1104 2496 re·

101 2527 203 2601 spectu
231 2523 383 2599 scripsisse
408 2524 585 2583 credendum
608 2524 655 2583 sit.
711 2523 746 2582 dc
770 2525 851 2582 exitu
873 2523 1035 2582 Fabiorum
1057 2525 1105 2585 hic

101 2615 149 2690 agi
168 2612 262 2672 etiam
284 2631 310 2670 v.
332 2614 394 2671 235
418 2611 548 2671 indicare
570 2612 700 2672 videtur:
725 2616 830 2686 coepta
852 2613 954 2669 tamen
972 2614 1019 2671 est
1037 2633 1104 2672 nar-

100 2701 177 2760 ratio
205 2701 244 2759 ab
272 2699 387 2759 actione
415 2700 562 2759 consulari
590 2701 622 2759 in
650 2706 768 2774 senatu,
801 2717 890 2776 quam
916 2700 1011 2776 pridie
1043 2704 1105 2762 eius

100 2789 159 2848 diei
181 2787 275 2847 fuisse
298 2788 465 2848 constabat:
488 2787 557 2846 inde
580 2807 642 2849 av.
660 2792 721 2849 197
742 2788 780 2848 ad
798 2807 824 2849 a.
839 2790 866 2848 d.
880 2787 936 2848 XV
955 2789 1003 2848 Kl’
1018 2791 1106 2852 Mart.

99 2877 247 2953 pergitur,
265 2875 313 2934 cui
330 2875 375 2935 rei
391 2895 451 2934 non
470 2876 570 2935 obstat
584 2897 611 2936 v.
627 2879 700 2952 945,
719 2896 785 2936 cum
801 2896 877 2954 quae
892 2877 990 2936 sidera
1003 2877 1105 2937 Idibus

99 2965 205 3041 latent,
228 2982 288 3023 non
310 2965 474 3039 appareant
495 2969 580 3024 nocte
592 2965 746 3041 sequenti,
769 2965 826 3024 nisi
842 2967 937 3024 altero
953 2965 1000 3023 die
1013 2964 1104 3024 inter·

99 3053 185 3112 ieoto.
242 3056 311 3112 ante
333 3072 361 3111 v.
387 3055 448 3111 197
472 3071 543 3111 vero
567 3054 768 3128 reponendum
791 3053 1015 3113 indicavi198:
1039 3070 1107 3110 eum

99 3160 168 3200 oum
182 3140 323 3199 librarius
342 3142 492 3198 momento
507 3139 664 3217 omisisset,
687 3141 841 3200 subiunxit
853 3139 996 3215 proximo,
1021 3139 1106 3199 binos

100 3229 292 3288 hexametros
316 3231 347 3287 et
369 3231 571 3302 pentametros
595 3229 756 3304 copulavit3
780 3247 839 3302 qua
861 3226 975 3285 incuria
998 3229 1107 3304 saepis·

99 3318 172 3377 sime
196 3318 229 3375 in
250 3315 349 3375 codice
368 3315 590 3392 Hamburgensi
608 3317 806 3388 Ponticorum,
831 3314 939 3373 omisso
957 3320 1107 3390 pentame-

98 3409 145 3465 tro
165 3405 180 3462 Ι
199 3418 227 3463 11
248 3406 298 3478 12,
318 3405 368 3477 36,
391 3417 454 3463 v111
473 3399 524 3479 20,
547 3404 578 3461 Π
596 3417 646 3462 vn
665 3406 716 3474 42,
741 3402 802 3460 sine
816 3420 906 3462 causa
919 3403 934 3461 Ι
948 3417 974 3462 11
993 3407 1034 3464 86
1054 3406 1108 3464 ali·

99 3492 243 3571 quamdiu
266 3491 446 3566 pentametri
467 3495 688 3571 promoventur,
710 3490 877 3551 hexametri
895 3492 1108 3566 subducuntur,

864 3589 898 3644 ο*
