2386 3892
389 130 395 141 ‘
428 166 449 218 1.
468 176 508 218 m
522 167 635 219 ao-sa.
973 162 1037 230 129

161 325 227 389 Non
249 324 355 388 salices
377 327 463 408 ripa,
486 323 595 389 robora
618 334 718 390 monta
740 328 854 390 virent.

121 413 195 476 Neve
219 413 329 475 iratum
352 412 454 476 laudes
476 422 557 476 terra
579 417 672 493 magis
684 462 694 496 ,
716 432 844 495 aequora
867 432 985 494 semper

161 501 323 563 Ventorum
345 501 428 564 rabie
451 501 564 564 solibus
586 502 658 564 orba
681 510 814 565 tument.
873 506 876 511 '

80 599 108 650 os
121 589 313 668 Quocumque
336 591 483 671 aspicies,
506 593 602 669 campi
625 589 739 653 cultore
761 598 898 654 carentee

164 677 330 759 Vastaque,
353 696 428 757 quae
451 695 539 740 nemo
561 677 690 741 vindicat
702 725 711 760 ,
734 696 802 741 arva
825 680 939 742 iacent.

119 765 217 826 Hostis
241 765 325 827 adest
347 765 451 827 dextra
474 764 612 846 laevaque
635 785 652 829 a
673 766 947 849 partetimendus,

164 852 324 932 vicinoque
347 861 428 914 metu
452 861 546 915 terret
568 862 728 933 utrumque
751 854 845 917 latus.

119 940 216 1002 Altera
239 940 386 1003 Bistonias
409 959 479 1022 pars
502 949 548 1002 est
570 959 693 1004 sensura
717 944 858 1004 sarissast

74 1040 106 1091 60
163 1029 262 1090 Altera
286 1029 447 1091 Sarmatica
470 1028 583 1108 spicula
606 1032 694 1091 missa
717 1048 823 1093 manu.

119 1116 131 1176 l
155 1135 234 1178 nunc
257 1125 288 1178 et
309 1125 443 1179 veterum
466 1117 551 1179 nohis
574 1117 706 1198 exempla
728 1120 878 1200 virorum,
992 1131 1035 1182 tu)

163 1205 221 1276 Qui
243 1205 314 1267 lorti
336 1223 437 1268 casum
460 1213 558 1267 mente
580 1205 694 1286 tulere,
717 1207 815 1288 refer,

121 1292 157 1353 Et
178 1309 267 1370 grave
289 1295 468 1371 magnanimi
489 1293 582 1354 robur
604 1295 712 1355 mirare
735 1292 828 1355 Rutili

163 1380 229 1440 Non
251 1383 300 1442 usi
322 1381 436 1442 reditus
459 1381 632 1442 condicione
655 1379 733 1442 dati.

72 1482 105 1530 aa
121 1467 245 1547 Smyrna
267 1470 363 1530 virum
386 1471 503 1551 tenuit,
527 1485 587 1529 non
604 1468 718 1530 Pontus
741 1476 771 1529 et
792 1467 906 1529 hostica
928 1466 1036 1548 tellus,

163 1556 259 1617 Paene
283 1558 381 1619 minus
404 1555 485 1618 nollo
509 1556 632 1636 Smyrna
655 1554 782 1635 petenda
804 1555 887 1619 loco.

120 1642 185 1704 Non
208 1643 303 1705 doluit
325 1647 420 1723 patria
443 1644 569 1724 Cynicus
591 1644 697 1725 procul
719 1661 784 1706 esse
808 1643 973 1727 Sinopeus3

164 1730 249 1811 Legit
272 1734 351 1794 enim
374 1733 461 1793 aedes
473 1779 483 1814 ‚
506 1731 602 1795 Attica
623 1740 705 1794 terra
717 1779 727 1813 ,
748 1740 833 1795 tuas.

120 1821 206 1880 Arma
229 1819 384 1881 Neoclides
407 1822 459 1899 qui
481 1819 600 1882 Persica
622 1821 757 1883 contudit
779 1821 886 1903 armis,

73 1921 107 1969 70
165 1906 300 1986 Argolica
322 1911 447 1986 primam
471 1909 565 1970 sensit
587 1909 619 1968 in
641 1908 716 1970 urbe
739 1909 856 1991 lugam.

121 1993 228 2056 Pulsus
251 1995 397 2057 Aristides
419 1998 514 2075 patria
536 1994 755 2059 Lacedaemona
777 1997 870 2077 legit,

165 2083 244 2143 lnter
268 2101 341 2163 quas
364 2082 487 2145 dubium
499 2129 508 2164 ,
532 2101 607 2163 quae
629 2087 712 2163 prior
735 2092 836 2165 esset,
859 2092 940 2145 erat.

122 2170 216 2231 Caede
239 2189 314 2250 puer
337 2172 413 2233 iacta
435 2171 589 2233 Patroclus
611 2171 729 2251 Opunta
751 2172 892 2254 reliquit,

164 2258 421 2338 Thessalicamque
444 2259 517 2320 adiit
537 2258 646 2337 hospes
668 2259 790 2322 Achillis
811 2259 951 2322 humum.

73 2358 107 2408 aa
122 2342 197 2407 Exul
219 2345 256 2407 ab
279 2345 438 2408 Haemonia
461 2346 600 2407 Pirenida
623 2348 714 2408 cessit
737 2346 772 2409 ad
795 2345 922 2428 undam,

166 2434 230 2504 Quo
254 2434 328 2496 duce
352 2433 434 2496 trabs
458 2433 565 2496 Colcha
587 2449 671 2495 seem
693 2434 828 2495 cucurrit
849 2449 941 2512 aqua.

122 2519 221 2600 Liquit
244 2522 425 2601 Agenorides
449 2522 567 2584 Sidonia
590 2523 707 2583 moenia
729 2519 874 2601 Cadmus,

166 2609 295 2672 Poneret
317 2619 352 2672 ut
373 2628 475 2672 muros
497 2612 529 2672 in
551 2607 675 2671 meliore
696 2608 781 2671 loco.
885 2669 908 2682 ,,

122 2696 208 2759 Venit
230 2698 266 2758 ad
289 2697 447 2760 Adrastum
471 2698 588 2779 Tydeus
611 2697 758 2779 Calydone
780 2695 916 2776 lagatus,

73 2797 108 2847 80
166 2785 203 2847 Et
225 2784 375 2849 Teucrum
398 2786 506 2848 Veneri
528 2794 610 2866 grata
632 2787 746 2867 recapit
767 2783 892 2849 humus.

122 2872 198 2943 Ouid
218 2875 348 2936 reseram
371 2883 488 2936 vetares
509 2873 658 2937 Romame
681 2876 778 2955 gentis
790 2920 800 2956 ‚
822 2873 900 2955 apud
924 2889 998 2954 quos

166 2960 310 3023 Extulihos
333 2961 421 3024 tellus
444 2960 548 3025 ultima
569 2962 663 3026 'l'ihur
685 2959 775 3027 erat?

122 3048 290 3130 Persequar
308 3058 342 3113 ut
359 3058 501 3131 cunctos,
524 3049 598 3115 nulli
615 3051 701 3115 datus
721 3049 858 3113 omuibus
876 3050 955 3111 aevis
995 3059 1039 3113 (1⁶)

166 3137 239 3199 'lam
262 3139 366 3217 procul
389 3157 406 3200 a
428 3140 523 3218 patria
545 3148 592 3201 est
614 3138 799 3201 horridiorve
821 3136 920 3199 locus.

73 3236 106 3285 85
122 3223 187 3294 Ono
210 3228 304 3304 magis
327 3228 460 3305 ignoscat
482 3228 626 3308 sapientia
649 3233 746 3287 vestra
768 3221 897 3302 dolenti,

166 3311 224 3383 Qui
248 3315 318 3375 lacit
339 3331 375 3376 ex
399 3314 487 3376 dictis
509 3332 569 3398 non
591 3317 632 3376 ita
655 3312 748 3374 multa
768 3312 846 3374 tuis.
998 3336 1037 3353 ···

122 3399 183 3462 Nee
206 3409 305 3463 tamen
328 3403 462 3482 iniitior,
484 3404 511 3464 si
532 3402 648 3480 possint
671 3406 773 3461 nostra
795 3398 875 3461 eolre

167 3487 316 3568 Vulnera,
340 3491 507 3567 praeceptis
529 3504 617 3568 posse
640 3488 720 3549 coire
743 3486 820 3551 luis.

87 3596 160 3638 0qu
195 3599 238 3640 111.
865 3587 882 3637 a
