2386 3892
152 188 213 253 146
551 191 601 240 EX
622 189 742 242 PONTO

281 353 379 416 Audet
400 352 437 414 ad
459 352 604 414 humanos
626 353 704 414 fessa
727 355 827 414 venire
851 354 953 416 sinus.

236 440 298 502 Nec
322 459 354 502 se
377 443 474 502 ricino
498 440 614 503 dubitat
636 443 821 502 committere
844 448 943 523 tecto,

188 542 223 591 40
283 528 365 601 Quae
388 529 463 609 fugit
485 529 609 590 infestos
632 531 738 590 territa
760 545 847 590 cerva
869 526 989 607 canes]

236 615 279 678 Da
291 662 301 699 ,
330 634 460 698 precor,
489 634 642 678 accessum
671 615 823 698 lacrimis,
852 618 1025 698 mitissime,

783 707 912 786 nostris,
1103 717 1138 768 (40

281 791 343 854 Nec
366 793 490 874 rigidam
512 793 623 855 timidis
646 792 769 854 vocibus
792 792 868 854 obde
891 793 1005 874 forem3

237 878 392 961 Verbaque
415 890 517 943 nostra
538 882 640 942 favens
662 882 793 942 Romana
816 880 852 942 ad
876 883 997 942 numina
1018 881 1124 962 perier,

282 968 348 1030 Non
371 968 427 1029 tibi
449 969 575 1049 Tarpeio
599 969 678 1030 culta
700 969 834 1030 Tonante
856 971 974 1032 minus.

189 1067 223 1117 45
237 1055 424 1136 Mandatique
447 1059 506 1118 mei
528 1055 642 1135 legatus
666 1059 783 1137 suscipe
807 1074 944 1119 causam:

281 1142 368 1205 Nulla
389 1162 456 1205 meo
479 1147 613 1224 quamvis
635 1147 754 1206 nomine
777 1162 866 1206 causa
888 1144 966 1206 bona
988 1153 1051 1209 est.

237 1230 298 1294 Iam
320 1250 413 1312 prope
437 1232 611 1314 depositus,
635 1241 716 1295 certe
739 1235 797 1294 iam
819 1233 946 1312 frigidus
968 1250 1056 1314 aeger

284 1319 424 1383 Servatus
447 1328 577 1402 perte,
599 1323 625 1382 si
647 1320 735 1382 modo
757 1338 861 1382 servor
873 1368 883 1402 ,
906 1338 978 1384 ero.

236 1408 323 1470 Nunc
345 1418 397 1470 tua
419 1426 474 1489 pro
497 1409 582 1470 lassis
605 1410 717 1470 nitatur
740 1410 834 1488 gratia
856 1408 966 1490 rebus,
1011 1490 1015 1494 ἡ

189 1507 223 1558 50
282 1496 428 1577 Principis
452 1499 567 1559 aeterni
590 1515 678 1577 quam
700 1496 755 1558 tibi
776 1504 909 1576 praestat
931 1514 1031 1558 amor.

238 1583 324 1647 Nunc
347 1584 402 1646 tihi
425 1592 455 1646 55
478 1584 587 1664 eloquii
610 1587 689 1646 nitor
711 1583 761 1646 iile
785 1584 966 1647 domesticus
988 1585 1079 1666 adsit,

282 1672 348 1743 Quo
370 1679 490 1751 poteras
513 1672 637 1752 trepidis
659 1672 740 1735 utilis
764 1689 830 1734 esse
853 1675 931 1734 reis.

183 1799 184 1803 =
237 1759 315 1821 Vivit
339 1762 417 1821 enim
439 1763 471 1821 in
493 1759 576 1821 robis
599 1760 718 1823 iacundi
741 1759 841 1839 lingua
862 1762 1014 1842 parentis,

281 1847 320 1909 Et
342 1865 391 1909 res
413 1847 555 1910 heredem
577 1852 711 1929 repperit
731 1847 782 1910 illa
803 1866 909 1912 suum.

190 1946 223 1996 55
238 1933 321 1996 Hanc
343 1953 421 2018 ego,
444 1954 504 1997 non
527 1944 561 1998 nt
582 1954 630 1999 me
649 1936 808 1998 defendere
831 1944 980 2018 temptet,
1003 1937 1103 1999 adoro:

140 2102 142 2104 v
281 2023 347 2085 Non
370 2032 417 2085 est
439 2025 568 2085 confessi
591 2043 678 2086 causa
701 2025 811 2087 tuenda
833 2027 899 2087 rei.

237 2110 314 2173 Num
337 2118 435 2173 tamen
459 2130 583 2174 excuses
607 2115 718 2175 erroris
742 2115 856 2192 origine
879 2114 1009 2196 iactum,

281 2199 326 2260 An
349 2199 422 2262 nihii
446 2199 582 2280 expediat
604 2201 663 2263 tale
686 2219 828 2283 morere,
851 2202 936 2263 vide.

237 2286 375 2349 Vulneris
397 2288 427 2349 id
451 2306 545 2369 genus
567 2296 613 2350 555
625 2333 635 2369 ,
663 2290 741 2369 quod
770 2307 838 2351 cum
861 2288 993 2353 sanabile
1016 2287 1137 2362 nonsit,

190 2387 224 2437 50
282 2373 348 2436 Non
372 2379 552 2438 contrectari
574 2380 668 2439 tutius
692 2396 757 2439 esse
780 2385 871 2458 puto.

235 2462 371 2546 Lingua,
394 2464 470 2527 sile.
508 2483 568 2526 non
592 2472 637 2527 est
659 2465 738 2527 ultra
761 2465 907 2527 narrabile
932 2468 1102 2549 quicquam.

281 2552 373 2614 Posse
396 2553 483 2614 veiim
506 2556 622 2615 cineres
645 2552 773 2615 obruere
795 2556 859 2634 ipse
881 2572 983 2616 meos.

238 2638 288 2701 Sic
309 2643 423 2723 igitur,
446 2644 531 2721 quasi
553 2659 600 2703 me
624 2641 723 2704 nullus
747 2641 899 2723 deceperit
918 2660 1024 2725 error,
1104 2643 1138 2701 pn

281 2727 376 2788 Verba
400 2729 467 2809 iac,
490 2738 525 2791 ut
546 2731 605 2790 rita
617 2776 627 2811 ,
650 2748 738 2810 quam
760 2728 844 2792 dedit
860 2733 948 2811 ipse,
970 2731 1068 2792 iruar.

189 2828 223 2878 55
238 2814 372 2894 Cumque
395 2834 520 2880 serenus
542 2820 624 2898 erit,
646 2818 805 2898 vultusque
827 2820 979 2881 remiserit
1000 2818 1080 2897 ilios,

281 2902 340 2973 Qui
362 2921 463 2965 secum
486 2912 582 2966 terras
605 2909 822 2987 imperiumque
845 2914 984 2969 movent:

237 2989 381 3071 Exiguam
403 3010 441 3053 ne
463 3010 512 3054 me
534 2994 672 3072 praedam
696 2997 773 3057 sinat
795 3013 861 3057 esse
885 2995 1043 3074 Getarum,

281 3079 396 3160 Detque
418 3080 515 3142 solum
538 3084 662 3145 miserae
686 3085 779 3165 mite,
802 3101 948 3165 precare,
970 3085 1071 3163 fugae.

237 3167 367 3250 Tempus
396 3168 479 3231 adest
501 3179 601 3251 aptum
624 3171 785 3251 precibus.
826 3171 903 3232 vaiet
929 3174 994 3252 ipse
1016 3168 1134 3244 videtque

190 3266 223 3318 '10
282 3258 362 3329 Quas
377 3258 457 3320 -iecit
478 3261 557 3320 vires
569 3306 579 3340 ,
601 3260 716 3341 Roma,
739 3259 836 3321 valere
858 3267 943 3322 tuas.

237 3344 397 3408 incolumis
420 3349 550 3410 coniunx
568 3365 621 3409 sua
644 3347 807 3426 pulvinaria
830 3355 948 3411 servat:

173 3478 176 3484 .
280 3434 439 3496 Promovet
460 3434 624 3497 Ausonium
646 3435 724 3497 iilius
746 3438 926 3514 imperiumt

238 3518 385 3584 Praeterit
406 3525 470 3602 ipse
494 3540 565 3585 suos
588 3525 684 3586 animo
709 3523 902 3585 Germanicus
924 3540 1032 3603 anuos,
