2386 3892
103 114 169 178 340
509 113 705 181 rasponum
1169 39 1186 463 Ι

209 277 383 359 ⁴Laetaque
406 294 556 355 purpurea
579 276 645 337 luce
668 276 785 337 refulsit
807 274 933 339 humus.

193 365 259 427 Nun
283 365 419 444 equidem
438 365 498 425 vidi
515 398 552 408 -
569 364 685 424 valeant
699 364 855 436 ,mendacia
877 373 976 427 vatum
992 397 1028 409 -
1052 378 1104 429 (nt)

237 455 302 536 Te,
325 453 402 535 dea3
424 470 479 512 nec
503 452 602 512 fueras
626 452 795 530 aspicienda
818 452 899 515 viru.

128 553 179 602 255
195 542 252 603 Sed
276 559 351 621 qnae
374 542 560 621 nescieram,
585 557 774 619 quorumque
794 557 897 625 errore
922 539 1059 623 tenebar,

239 629 362 708 Cognita
385 638 454 689 sunt
477 627 557 688 nullo
580 630 780 708 praecipiente
803 627 893 691 milri.

194 718 274 778 liena
298 725 403 797 quater
424 723 590 777 memorant
612 715 752 776 habuisse
773 714 881 778 Parilia
904 716 1044 797 Rumam,

239 806 313 866 Cum
335 805 469 865 flammae
493 814 593 865 eustos
615 802 688 864 aede
711 811 831 884 recepta
853 803 909 866 dee
931 812 994 867 est.

195 895 285 972 Regis
308 911 383 971 opus
406 893 534 971 placidi,
558 909 617 971 qno
639 909 699 952 non
724 894 906 955 metuentius
928 892 1021 955 ullum

131 994 182 1043 250
241 981 377 1042 Numinis
400 982 551 1058 ingenium
574 989 655 1040 terra
677 978 785 1041 Sabina
808 979 893 1041 tulit.

196 1069 277 1139 Quae
301 1086 381 1129 nnnc
404 1086 473 1129 aere
496 1067 599 1148 vides,
623 1067 731 1147 stipula
754 1074 818 1129 tum
841 1076 920 1130 tecta
941 1067 1072 1149 videres,

242 1156 280 1218 Et
302 1158 400 1235 paries
424 1156 503 1216 lento
528 1157 634 1216 vimine
657 1163 756 1217 textus
779 1164 860 1219 erat.

198 1245 253 1306 Hic
275 1247 359 1306 lucus
383 1247 530 1325 exiguus,
553 1245 604 1322 qui
628 1246 756 1305 sustinet
778 1244 860 1305 Atria
883 1242 1006 1325 Vestae,

242 1334 326 1394 Tunc
350 1341 413 1393 erat
435 1333 546 1393 intonsi
568 1333 649 1409 regia
672 1349 776 1410 magna
798 1330 929 1394 Numae.

132 1434 183 1484 255
199 1423 305 1482 Forma
327 1431 426 1483 tamen
448 1418 552 1503 templi
578 1437 653 1498 quae
681 1437 761 1480 nunc
784 1427 906 1501 manet,
932 1420 1105 1482 antefuisse

244 1509 380 1590 Dicitur3
405 1516 435 1569 et
457 1509 568 1568 formae
592 1525 679 1568 causa
702 1506 853 1585 probanda
876 1506 996 1570 subest.

199 1598 285 1659 Vesta
305 1597 425 1676 eadem,
444 1613 520 1676 quae
538 1604 639 1657 terra.
676 1595 780 1656 subest
797 1595 866 1675 vigil
884 1598 962 1676 ignis
980 1596 1106 1677 utrique:

245 1685 417 1763 Significant
439 1684 540 1744 sedem
563 1691 643 1744 terra
665 1684 810 1763 focusque
833 1702 935 1746 suam.

201 1771 293 1832 Terra
315 1771 390 1850 pilae
415 1771 540 1851 similis,
563 1771 644 1832 nullo
668 1771 819 1832 fulcimine
841 1773 926 1847 nixa,

135 1873 187 1924 270
245 1863 321 1921 dere
346 1858 479 1919 subiecto
503 1867 563 1919 tam
585 1876 673 1937 grave
695 1858 806 1938 pendet
828 1876 922 1921 onus.

202 1948 281 2027 [lpsa
304 1946 469 2007 volubilitas
492 1946 632 2007 libratum
655 1949 783 2009 sustinet
805 1947 927 2028 arbem,

246 2037 362 2114 Quique
386 2042 501 2114 premat
522 2043 643 2115 partes,
667 2034 792 2113 angulus
814 2036 911 2096 omnis
934 2034 1034 2099 abest.

201 2125 333 2203 Cumque
358 2125 396 2183 sit
418 2126 449 2184 in
471 2123 567 2183 media
590 2139 691 2182 rerum
714 2125 835 2202 regione
858 2122 971 2203 locata,

245 2212 283 2273 Et
306 2220 406 2290 tangat
428 2210 541 2271 nullum
565 2209 668 2289 plusve
690 2213 826 2272 minusve
847 2211 944 2293 latus,

137 2314 187 2363 275
203 2302 239 2361 Ni
262 2319 391 2362 convexa
413 2300 513 2379 foret,
536 2301 614 2377 parti
636 2299 760 2358 vicinior
783 2307 878 2381 esset,

244 2389 306 2449 Nec
329 2388 459 2449 medium
481 2395 590 2446 terram
613 2385 743 2447 mundus
766 2385 890 2448 haberet
912 2386 1021 2465 nnus]

203 2478 274 2538 Arte
298 2476 452 2556 Syracosia
475 2491 638 2552 suspensus
660 2476 692 2533 in
714 2480 783 2535 aere
805 2474 907 2537 clausu

248 2565 312 2625 Stat
335 2564 461 2643 globus,
484 2563 620 2622 immensi
643 2579 731 2640 parva
754 2563 849 2641 ligura
871 2562 951 2644 puli,

204 2652 241 2712 Et
264 2659 406 2731 quantum
430 2670 446 2710 a
470 2651 615 2731 summis,
636 2657 752 2709 tantum
775 2653 899 2712 secessit
921 2648 958 2711 ab
981 2650 1049 2712 imis

141 2751 193 2802 280
251 2739 365 2819 Terra3
390 2739 468 2818 quod
492 2746 526 2800 ut
547 2739 598 2799 fiat
610 2754 621 2816 ,·
642 2737 735 2797 forma
758 2738 885 2799 rotunda
908 2738 998 2801 facit:

203 2828 260 2888 Par
283 2827 373 2886 facies
396 2826 520 2906 templi3
543 2825 642 2887 nullus
664 2827 815 2904 procurrit
835 2827 867 2886 in
890 2825 943 2887 illo
1062 2834 1112 2889 (2⁰³)

247 2914 381 2994 singulus
393 2960 402 2994 ‚
425 2931 441 2973 a
464 2912 563 2992 pluvia
586 2913 713 2974 vindicat
735 2911 831 2973 imbre
854 2913 976 2978 tholus.

204 3005 264 3067 Cur
287 3006 327 3064 sit
348 3002 510 3080 virginem,
533 3003 673 3080 quaeris,
696 3000 750 3061 dea
773 3000 852 3063 culta
874 2998 1047 3065 ministris?

248 3093 398 3153 lnveuiam
421 3107 524 3150 causas
547 3087 602 3149 hac
626 3106 743 3168 quoque
766 3096 850 3166 parte
874 3107 962 3152 suas.

139 3191 190 3240 285
204 3180 249 3240 Ex
273 3179 335 3258 Ope
358 3178 501 3239 lunonem
524 3184 689 3237 memorant
711 3174 911 3257 Cereremque
934 3184 1051 3241 creatas

250 3267 368 3327 Semine
392 3265 534 3345 Saturni3
556 3266 644 3326 tertia
667 3263 754 3326 Vesta
777 3265 850 3326 fuit.

205 3354 335 3433 Utraque
358 3362 547 3433 nupserunt,
570 3351 671 3413 ambae
694 3354 846 3431 peperisse
869 3355 1029 3437 feruntur3
1110 3390 1118 3409 ι

250 3441 291 3501 De
316 3440 412 3502 tribus
435 3443 591 3519 impatiens
613 3442 724 3502 restitit
747 3458 804 3501 una
827 3443 902 3503 viri.
