2386 3892
367 183 417 236 HL
436 194 482 235 vn
495 185 639 235 itt-vnn
654 185 696 234 12.
993 181 1035 246 51

112 347 175 409 Nec
193 345 330 425 caelum,
349 361 404 406 nec
423 363 515 425 aquae
531 346 660 425 faciunt,
680 362 735 405 nec
749 353 847 426 terra,
862 363 918 407 nec
936 363 1038 427 auree;

114 435 152 496 Ei
173 435 273 514 mihi,
296 441 459 513 perpetuus
483 451 608 513 corpora
631 432 756 511 languor
778 432 884 496 habetl

72 536 100 585 eo
117 522 178 585 Seu
200 524 307 583 vitiant
330 529 413 582 artus
435 538 540 600 aegrae
563 523 697 599 contagia
720 524 845 601 mentis,

116 611 185 672 Sive
208 611 268 671 mei
291 627 380 670 causa
402 611 502 671 estin
525 611 645 688 regione
668 608 754 688 mali,

115 698 156 759 Ut
174 700 259 777 tetigi
281 697 432 777 Pontum,
453 704 561 758 vexant
582 699 749 776 insomnia,
771 699 879 777 vixque

117 787 192 847 Ossa
214 787 290 864 tegit
312 787 444 864 macies,
466 803 522 846 nec
544 787 625 845 iuvat
647 802 699 845 ora
722 783 825 865 cibus,

118 874 235 953 Quique
258 890 312 953 per
336 881 509 935 autumnum
532 875 683 952 percussis
706 872 817 951 frigore
839 873 935 950 primo

72 975 103 1023 oo
118 961 172 1022 Est
195 961 277 1022 color
300 962 332 1022 in
355 960 455 1041 foliis,
479 978 554 1040 quae
578 978 652 1022 nora
674 959 759 1021 laesit
781 959 894 1041 hiems,

117 1049 147 1110 ls
169 1066 234 1110 mea
256 1046 390 1109 membra
412 1055 515 1129 tenet3
551 1066 607 1109 nec
630 1048 743 1109 viribus
766 1047 885 1110 adlevor
907 1048 993 1130 ullis,

117 1136 155 1198 Et
177 1153 340 1215 numquam
363 1135 479 1215 queruli
502 1153 590 1198 causa
613 1136 723 1197 doloris
746 1136 846 1199 abest.

117 1225 178 1286 Nec
191 1225 299 1285 melius
313 1223 409 1303 valeo,
429 1241 516 1303 quam
531 1241 672 1304 corpore,
685 1232 800 1304 mente,
824 1224 877 1284 sed
891 1241 978 1304 aegra
992 1232 1038 1285 est

118 1311 249 1392 Utraque
272 1330 342 1392 pars
365 1329 458 1390 acque
481 1311 609 1390 binaque
632 1311 737 1371 damna
761 1312 841 1372 fero.

73 1413 104 1461 ab
119 1401 228 1462 Haeret
250 1407 282 1461 et
304 1407 371 1460 aute
395 1399 496 1460 oculos
519 1398 611 1460 veluti
634 1398 794 1479 spectabile
818 1415 927 1478 corpus

119 1492 201 1549 estat
224 1488 361 1550 fortunae
384 1487 478 1548 forma
500 1486 624 1566 legenda
647 1504 746 1547 meae:

119 1577 251 1655 Cumque
283 1575 382 1636 locum
418 1592 575 1654 moresque
611 1575 764 1635 hominum
800 1572 958 1654 cultusque
990 1592 1035 1635 so·

577 1681 708 1742 numque

120 1753 297 1832 Cernimus,
321 1751 445 1831 etquid
470 1753 525 1813 sim
549 1751 619 1830 quid
643 1752 831 1832 fuerimque,
855 1750 952 1832 subit,

119 1840 231 1900 Tantus
254 1857 338 1900 amor
357 1842 438 1900 necis
462 1847 508 1900 est
520 1885 529 1919 ,
553 1856 660 1917 querar
680 1848 713 1900 ut
735 1857 803 1900 cum
818 1838 952 1900 Caesaris
974 1840 1035 1921 ira,

80 1928 208 1999 lotluod
231 1944 291 1988 non
315 1928 441 1988 offensas
465 1927 686 1988 vindicet'ense
709 1944 795 1988 suas.

120 2018 156 2075 At
179 2019 318 2095 quoniam
341 2014 433 2076 semel
456 2022 502 2075 est
525 2014 591 2075 odio
615 2014 739 2075 civiliter
762 2032 855 2093 usus,

118 2103 230 2164 blntato
252 2103 345 2164 levior
369 2104 408 2163 sit
430 2103 499 2181 fuga
522 2110 623 2163 nostra
646 2101 729 2166 loco!

472 2295 587 2367 VIIII.

120 2455 172 2517 llic
196 2472 315 2535 quoqne
338 2462 409 2516 sunt
430 2455 522 2532 igitur
545 2452 648 2512 Graiae
667 2454 792 2531 -quis
819 2449 976 2514 crederet‘l
993 2484 1034 2494 -

576 2539 667 2601 urbes

118 2631 198 2693 luter
221 2631 399 2692 inhumanae
422 2632 540 2692 nomina
563 2627 732 2707 barbariae;

118 2719 183 2782 Huc
207 2736 326 2799 quoque
349 2718 449 2779 Mileto
473 2720 556 2779 missi
578 2734 686 2777 venere
710 2713 824 2797 coloni,

118 2807 211 2888 Inque
235 2807 317 2867 Getis
341 2806 443 2868 Graias
462 2809 644 2867 constituere
668 2805 779 2866 domos.

90 2896 175 2956 oSed
199 2903 285 2956 retus
308 2895 377 2956 huic
400 2911 507 2955 nomen
530 2896 684 2974 positaque
708 2893 858 2973 antiquius
882 2891 955 2954 urbe

119 2983 240 3044 Constat
264 2982 300 3044 ab
323 2982 443 3061 Absyrti
465 2981 554 3049 caede
577 2982 668 3043 fuisse
691 2980 775 3042 loco.

117 3072 191 3132 Nam
214 3078 300 3150 rate,
324 3087 399 3150 quae
423 3087 494 3131 cura
516 3071 658 3150 pugnacis
681 3069 756 3129 facta
778 3068 926 3128 Minervae

117 3160 258 3227 Pernen
282 3165 439 3237 temptatas
462 3160 556 3236 prima
580 3159 713 3219 cucurrit
736 3172 844 3233 aquas,

118 3249 210 3326 lmpia
233 3248 384 3308 desertum
408 3247 523 3324 fugiens
545 3246 648 3307 Medea
670 3252 824 3323 parentem

75 3347 105 3397 to
118 3336 233 3399 Dicitur
255 3334 303 3396 bis
325 3352 423 3396 remos
447 3334 622 3413 applicuisse
646 3331 744 3391 vadis.

119 3425 215 3496 Quem
237 3423 343 3502 procul
366 3430 400 3484 ut
421 3421 495 3483 vidit
517 3420 630 3483 tumulo
653 3415 820 3496 speculator
844 3415 879 3476 ab
903 3415 978 3497 alto,

119 3507 266 3594 ‘Hospes'
290 3514 330 3572 ait
354 3506 455 3572 ‘nosco
468 3556 478 3590 ,
501 3507 661 3587 Colchide,
684 3503 747 3565 vela
759 3550 769 3586 ,
792 3500 901 3566 renitl'

838 3604 875 3660 4*
