2386 3892
398 187 446 239 111.
464 197 498 238 1v
513 182 612 238 6—1v1‘
627 189 668 240 to.

122 346 180 409 Vive
203 348 271 409 sine
291 347 423 429 invidia,
446 347 610 428 mollesque
633 347 778 426 inglorius
801 365 894 409 annos

122 434 226 516 Erige,
250 438 397 497 amicitias
421 444 451 496 et
473 435 527 497 tibi
550 437 639 515 iunge
662 453 767 516 pares,
805 478 811 490 .

89 532 111 581 45
122 523 301 603 Nasonisque
326 524 391 603 tui,
415 524 494 602 quod
517 523 612 584 adhuc
636 540 695 583 non
718 523 816 584 exulat
838 541 951 603 unum,

121 611 227 672 Nomen
251 629 340 674 ama:
371 611 526 691 Scythicus
549 620 648 673 cetera
670 611 783 672 Pontus
806 611 911 673 habet.

492 801 573 879 ΙΨ.

119 962 254 1024 Proxima
277 963 426 1024 sideribus
448 962 537 1024 tellus
560 962 788 1044 Erymanthidos
811 980 898 1026 ursae

119 1050 163 1112 hle
186 1059 292 1131 tenet,
316 1051 458 1112 adstricto
481 1059 561 1111 terra
583 1061 704 1132 perusta
728 1052 812 1131 gelu.

119 1137 287 1218 Bosphoros
311 1147 341 1200 et
363 1140 469 1200 Tanais
493 1148 634 1217 superant
657 1141 852 1220 Scythiaeque
874 1138 997 1217 paludes

78 1237 106 1287 50
120 1226 172 1287 Vix
195 1229 268 1288 satis
292 1235 323 1288 et
345 1230 408 1288 noti
432 1228 549 1288 nomina
572 1246 665 1305 pauca
688 1228 762 1288 loci.

120 1314 250 1377 Ulterius
274 1315 348 1375 nihil
371 1323 417 1376 est
439 1317 497 1375 nisi
519 1333 579 1375 non
602 1315 761 1376 habitabile
784 1315 897 1393 frigus.

118 1402 184 1465 Heu
208 1421 296 1482 quam
319 1405 414 1463 vicina
438 1411 483 1464 est
505 1403 607 1464 ultima
631 1411 711 1464 terra
734 1401 823 1462 mihil

120 1491 157 1550 At
179 1491 265 1568 longe
288 1493 384 1571 patria
407 1501 474 1573 est,
496 1491 582 1570 longe
606 1493 759 1553 carissima
782 1493 928 1571 coniunx,

120 1578 269 1657 Quicquid
292 1587 322 1640 et
345 1579 417 1639 haec
440 1579 526 1641 nobis
548 1587 617 1659 post
640 1580 698 1640 duo
722 1579 808 1641 dulce
832 1580 906 1640 luit.

72 1679 104 1726 55
121 1666 170 1726 Sic
193 1674 293 1727 tamen
311 1666 384 1727 haec
408 1667 516 1727 adsunt
528 1715 537 1745 ,
559 1675 594 1728 ut
612 1685 687 1746 quae
711 1669 883 1746 contingere
911 1685 970 1727 non
994 1674 1039 1728 est

120 1754 275 1832 Corpore:
303 1764 374 1815 sunt
396 1758 492 1815 animo
516 1763 622 1816 cuncta
647 1755 770 1818 videnda
793 1773 876 1815 meo.

120 1842 197 1903 hnte
212 1841 314 1903 oculos
329 1850 429 1903 errant
442 1842 547 1903 domus
556 1891 565 1922 ‚
583 1843 715 1922 urbsque
734 1851 764 1904 et
783 1844 876 1904 forma
890 1843 1039 1922 locorum,

120 1929 333 2008 Acceduntque
357 1933 419 1991 suis
443 1930 557 2008 singula
581 1930 656 1992 facta
680 1931 769 1992 locis.

121 2017 262 2096 Coniugis
286 2026 353 2078 ante
378 2018 501 2099 oculos,
524 2020 603 2079 sicut
625 2021 812 2100 praesentis,
835 2021 930 2097 imago
954 2026 1017 2079 est.

72 2119 106 2167 60
121 2105 172 2165 llla
195 2122 277 2166 meos
301 2123 387 2166 casus
410 2108 565 2186 ingravat,
588 2107 637 2167 illa
661 2106 753 2169 levat:

120 2191 257 2272 lngravat
278 2193 358 2275 hoc,
381 2193 459 2272 quod
483 2194 588 2275 abest3
611 2195 688 2255 levat
709 2195 767 2255 hoc
779 2240 788 2274 ‚
813 2194 891 2273 quod
908 2201 1041 2275 praestat

574 2299 704 2342 amorem

122 2369 347 2449 lnpositumque
371 2368 427 2430 sihi
450 2372 534 2430 firma
557 2378 659 2429 tuetur
682 2386 775 2429 onus.

120 2456 178 2517 Vos
202 2475 321 2536 qnoque
344 2458 515 2535 pectoribus
538 2458 649 2517 nostris
671 2455 824 2536 haeretis,
847 2457 950 2534 amici,

122 2544 226 2606 Dicere
250 2563 326 2624 quos
349 2548 437 2624 cupio
462 2548 580 2606 nomine
604 2560 751 2623 quemque
775 2560 846 2603 sno.

76 2644 106 2693 65
123 2632 180 2692 Sed
204 2635 294 2693 timor
317 2634 447 2695 officium
471 2640 575 2694 cautus
599 2631 783 2711 compescit,
807 2638 837 2690 et
859 2632 939 2710 ipsos

121 2718 154 2780 ln
177 2730 282 2782 nostro
305 2724 376 2800 poni
399 2724 528 2782 carmine
552 2721 630 2782 nolle
652 2728 742 2800 puto.

119 2810 196 2868 ¹Ante
220 2808 385 2890 volebatis,
407 2812 542 2888 gratique
566 2818 630 2870 erat
651 2811 746 2869 instar
767 2808 907 2888 honoris,

120 2894 264 2958 Versibus
287 2900 319 2958 in
342 2899 452 2958 nostris
475 2899 594 2957 nomina
616 2904 712 2958 vestra
736 2896 810 2975 legi.

119 2982 206 3054 Quod
226 2987 364 3063 qnoniam
379 2992 425 3045 est
439 3001 565 3064 anceps,
582 2987 660 3045 intra
674 3003 738 3045 mea
756 2992 879 3064 pectora
893 2995 1040 3061 quemque

73 3083 106 3132 70
121 3072 293 3152 hdloquar‚
317 3080 347 3134 et
369 3072 443 3134 nulli
465 3089 553 3133 causa
575 3074 691 3133 timoris
714 3091 784 3133 ero.

120 3159 182 3220 Nec
205 3177 291 3221 meus
314 3159 424 3220 indicio
448 3159 590 3220 latitantis
612 3179 716 3221 versus
740 3160 850 3220 amicos

120 3246 294 3308 Protrahit.
331 3247 446 3309 occulte
469 3250 563 3327 siquis
586 3248 722 3327 amabat,
745 3255 840 3306 amet.

122 3333 202 3396 Scite
225 3345 345 3416 tamen,
370 3337 501 3414 quamvis
524 3334 611 3415 longa
634 3336 754 3412 regione
778 3334 909 3389 remotus

120 3421 221 3483 Absim
234 3470 244 3505 ,
268 3442 320 3484 vos
344 3427 440 3486 animo
464 3441 580 3502 semper
604 3423 707 3482 adesse
732 3434 819 3494 me03

73 3520 106 3569 75
121 3510 159 3571 Et
182 3529 240 3590 qua
265 3515 392 3592 quisque
415 3519 513 3592 potest
526 3557 535 3591 ‚
560 3509 657 3588 aliqua
680 3506 754 3567 mala
778 3507 879 3564 nostra
902 3502 1009 3575 levate,
