2386 3892
505 167 676 220 TRISTIUM

561 365 620 438 VI.

175 506 321 586 Tempore
344 505 490 569 ruricolae
513 508 629 585 patiens
651 506 685 566 fit
706 513 811 567 taurus
834 509 943 587 aratri,

175 595 303 656 Praebet
326 603 355 656 et
377 597 500 656 incurvo
524 592 598 655 colla
620 594 781 672 premenda
804 595 889 674 iugo;

175 683 321 761 Tempore
344 691 429 762 paret
452 701 546 761 equus
569 681 658 744 lentis
681 684 830 742 animosus
852 680 992 764 habenis,

175 770 214 831 Et
235 770 349 849 placido
373 771 464 831 duros
487 772 594 849 accipit
616 787 668 830 ore
692 768 794 850 lupos3

145 858 321 938 oTempore
344 859 512 919 Poenorum
536 859 733 936 compescitur
756 859 800 917 ira
822 856 960 938 leonum,

175 946 236 1006 Nec
260 946 360 1006 feritas
384 948 504 1026 animo,
527 963 601 1024 quae
625 945 681 1006 fuit
704 951 794 1023 ante,
816 953 933 1026 manet,

177 1034 317 1112 Quaeque
341 1036 388 1094 sui
410 1034 529 1094 monitis
553 1032 737 1112 obtemperat
758 1031 829 1092 lnda
851 1034 986 1112 magistri

175 1120 287 1202 Belua,
311 1122 464 1181 servitium
485 1128 619 1198 tempore
642 1123 718 1181 victa
742 1119 838 1181 subit.

177 1208 329 1288 Tempus,
353 1217 386 1270 ut
408 1210 539 1269 extensis
562 1216 696 1287 tumeat,
720 1209 790 1268 iacit
802 1256 811 1289 ,
834 1226 891 1269 uva
913 1210 1054 1288 racemis,

128 1309 161 1357 10
176 1295 288 1376 Vixque
312 1314 426 1358 merum
450 1298 566 1376 capiant
588 1315 700 1377 grana,
723 1296 802 1374 qaod
825 1297 907 1356 intus
929 1295 1054 1375 habent;

177 1384 307 1464 Tempus
330 1387 413 1445 etin
437 1402 523 1444 canas
547 1402 649 1445 semen
672 1383 809 1462 producit
832 1385 955 1464 aristas,

175 1471 214 1533 Et
236 1491 273 1533 ne
297 1474 356 1533 sint
378 1473 458 1532 tristi
480 1489 566 1550 poma
589 1489 715 1550 sapore,
739 1478 837 1532 cavet.

176 1559 239 1620 Hoc
261 1567 365 1631 tenuat
386 1559 505 1620 dentem
527 1568 638 1620 terram
661 1561 829 1620 renovantis
852 1561 961 1639 aratri,

177 1645 239 1706 Hoc
262 1645 371 1725 rigidas
395 1645 514 1728 silices,
537 1647 594 1707 hoc
617 1647 768 1708 adamanta
791 1648 880 1710 terit.

130 1745 162 1794 15
178 1733 240 1794 Hoc
263 1736 351 1795 etiam
374 1751 474 1794 saevas
496 1734 636 1813 paulatim
659 1737 774 1813 mitigat
795 1736 871 1814 iras,

177 1821 239 1882 Hoc
264 1823 369 1881 minuit
392 1821 488 1882 luctus
512 1830 682 1901 maestaque
705 1822 794 1883 corda
817 1821 910 1883 levat.

178 1908 291 1970 Cuncta
314 1917 412 1987 potest
434 1911 525 1989 igitur
547 1913 636 1971 tacito
659 1910 734 1989 pede
758 1910 838 1988 lapsa
860 1918 992 1971 vetustas

177 1996 388 2075 Praeterquam
412 2015 498 2058 curas
521 2006 673 2059 attenuare
697 2015 794 2058 meas.

177 2083 216 2144 Ut
237 2086 331 2163 patria
354 2103 462 2166 careo,
486 2085 532 2146 bis
555 2086 690 2164 frugibus
713 2103 780 2146 area
804 2087 873 2147 trita
896 2094 959 2168 est,

129 2182 163 2231 20
178 2170 311 2232 Dissiluit
333 2171 412 2232 nudo
435 2190 537 2252 pressa
560 2173 606 2234 bis
628 2192 684 2234 ura
706 2173 798 2252 pede.

176 2258 237 2320 Nec
261 2261 393 2338 quaesita
416 2268 513 2321 tamen
537 2263 630 2340 spatio
653 2263 794 2340 patientia
815 2260 904 2340 longo
927 2271 990 2340 est,

177 2345 319 2425 Mensque
341 2348 411 2407 mali
433 2367 552 2409 sensum
576 2357 677 2410 nostra
699 2351 828 2409 recentis
850 2348 959 2410 habet.

179 2434 297 2496 Scilicet
320 2443 350 2496 et
372 2444 486 2498 veteres
510 2437 628 2515 fugiunt
649 2439 717 2515 iuga
740 2454 827 2514 saepe
850 2439 985 2518 iuvenci,

177 2521 215 2583 Et
238 2523 367 2584 domitus
390 2524 473 2586 freno
497 2542 584 2602 saepe
607 2531 754 2603 repugnat
776 2542 888 2603 equus.

129 2620 162 2668 25
178 2610 303 2672 Tristior
327 2619 372 2671 est
395 2614 483 2672 etiam
506 2629 646 2690 praesens
669 2629 809 2673 aerumna
832 2613 951 2691 priore:

176 2696 216 2757 Ut
238 2700 277 2758 sit
300 2701 379 2759 enim
402 2699 459 2759 sibi
481 2717 557 2779 par,
580 2702 672 2761 crevit
695 2707 725 2760 et
748 2707 833 2760 aucta
856 2717 939 2761 mora
962 2707 1023 2761 est.

176 2783 237 2844 Neo
255 2791 315 2844 tam
334 2793 403 2845 nota
421 2785 511 2866 mihi,
530 2805 617 2865 quam
636 2795 723 2868 sunt,
742 2786 816 2847 mala
834 2796 936 2853 nostra
955 2789 1081 2862 suerunt3

177 2870 262 2932 Nunc
286 2874 377 2950 magis
400 2872 479 2954 hoo,
501 2893 560 2953 quo
583 2883 654 2936 sunt
676 2876 861 2956 cognitiora,
884 2883 1020 2954 gravant.

175 2957 228 3019 Est
251 2976 369 3038 quoque
392 2978 452 3021 non
475 2962 599 3023 nihilum
612 3011 621 3044 ,
644 2965 722 3023 vires
745 2964 850 3023 afferre
873 2972 1025 3043 recantes,

128 3058 162 3106 30
176 3046 239 3107 Nec
259 3057 539 3129 praeconsumptum
562 3052 705 3129 temporis
728 3068 794 3119 essa
817 3050 918 3112 malis.

176 3133 293 3196 Fortior
316 3137 346 3195 in
369 3136 447 3197 iulva
469 3156 563 3199 novus
587 3146 633 3199 est
655 3137 781 3199 luctator
802 3136 929 3215 harena,

177 3222 270 3293 Quam
293 3225 342 3283 oui
365 3232 435 3285 suut
458 3227 541 3286 tarda
563 3225 683 3297 brachia
706 3226 783 3286 sessa
806 3243 904 3287 mora.

115 3344 118 3349 ·
176 3309 293 3389 Integer
317 3318 362 3372 est
384 3313 489 3374 melior
512 3313 614 3375 nitidis
637 3313 778 3392 gladiator
800 3316 832 3373 in
855 3316 963 3395 armis,

176 3396 269 3467 Quam
294 3401 342 3459 cui
365 3398 424 3460 tela
447 3419 501 3463 suo
526 3403 667 3479 sanguine
690 3403 781 3462 tincta
805 3400 922 3463 rubent.

127 3494 160 3542 35
176 3480 247 3543 Fert
268 3483 344 3546 bene
367 3491 545 3568 praecipites
568 3491 649 3549 navis
672 3488 758 3548 modo
782 3489 858 3549 iacta
879 3487 1037 3570 procellas:
