<?xml version="1.0" encoding="UTF-8"?>
<!DOCTYPE html PUBLIC "-//W3C//DTD XHTML 1.0 Transitional//EN"
    "http://www.w3.org/TR/xhtml1/DTD/xhtml1-transitional.dtd">
<html xmlns="http://www.w3.org/1999/xhtml" xml:lang="en" lang="en">
 <head>
  <title>
</title>
<meta http-equiv="Content-Type" content="text/html;charset=utf-8" />
  <meta name='ocr-system' content='tesseract 3.04.00' />
  <meta name='ocr-capabilities' content='ocr_page ocr_carea ocr_par ocr_line ocrx_word'/>
</head>
<body>
  <div class='ocr_page' id='page_1' title='image "./ovidiusexiterat00ovidgoog_0251.png"; bbox 0 0 2386 3892; ppageno 0'>
   <div class='ocr_carea' id='block_1_1' title="bbox 147 176 746 242">
    <p class='ocr_par' dir='ltr' id='par_1_1' title="bbox 147 176 746 242">
     <span class='ocr_line' id='line_1_1' title="bbox 147 176 746 242; baseline 0.002 -15"><span class='ocrx_word' id='word_1_1' title='bbox 147 177 216 242; x_wconf 71' lang='lat'>200</span> <span class='ocrx_word' id='word_1_2' title='bbox 561 177 609 228; x_wconf 81' lang='lat' dir='ltr'>ax</span> <span class='ocrx_word' id='word_1_3' title='bbox 627 176 746 228; x_wconf 83' lang='lat' dir='ltr'>rouro</span> 
     </span>
    </p>
   </div>
   <div class='ocr_carea' id='block_1_2' title="bbox 188 338 1157 2951">
    <p class='ocr_par' dir='ltr' id='par_1_2' title="bbox 188 338 1157 2951">
     <span class='ocr_line' id='line_1_2' title="bbox 239 338 1084 423; baseline 0.002 -23"><span class='ocrx_word' id='word_1_4' title='bbox 239 340 339 418; x_wconf 89' lang='lat' dir='ltr'>[Nunc</span> <span class='ocrx_word' id='word_1_5' title='bbox 362 359 416 420; x_wconf 94' lang='lat' dir='ltr'>pro</span> <span class='ocrx_word' id='word_1_6' title='bbox 441 338 616 402; x_wconf 79' lang='lat' dir='ltr'>Caesaribus</span> <span class='ocrx_word' id='word_1_7' title='bbox 640 341 758 419; x_wconf 86' lang='lat' dir='ltr'>superis</span> <span class='ocrx_word' id='word_1_8' title='bbox 781 339 943 401; x_wconf 78' lang='lat' dir='ltr'>decernere</span> <span class='ocrx_word' id='word_1_9' title='bbox 966 349 1084 423; x_wconf 80' lang='lat' dir='ltr'>grates,</span> 
     </span>
     <span class='ocr_line' id='line_1_3' title="bbox 189 425 937 507; baseline -0.001 -17"><span class='ocrx_word' id='word_1_10' title='bbox 189 441 224 490; x_wconf 81' lang='lat'>50</span> <span class='ocrx_word' id='word_1_11' title='bbox 283 428 390 489; x_wconf 81' lang='lat' dir='ltr'>Albave</span> <span class='ocrx_word' id='word_1_12' title='bbox 415 431 580 507; x_wconf 88' lang='lat' dir='ltr'>opimorum</span> <span class='ocrx_word' id='word_1_13' title='bbox 606 426 678 487; x_wconf 88' lang='lat' dir='ltr'>colla</span> <span class='ocrx_word' id='word_1_14' title='bbox 701 428 792 488; x_wconf 89' lang='lat' dir='ltr'>ferire</span> <span class='ocrx_word' id='word_1_15' title='bbox 814 425 937 504; x_wconf 75' lang='lat' dir='ltr'>boum]</span> 
     </span>
     <span class='ocr_line' id='line_1_4' title="bbox 238 515 1157 597; baseline 0.003 -20"><span class='ocrx_word' id='word_1_16' title='bbox 238 516 334 595; x_wconf 80' lang='lat' dir='ltr'>Atque</span> <span class='ocrx_word' id='word_1_17' title='bbox 357 519 492 596; x_wconf 90' lang='lat' dir='ltr'>utinam,</span> <span class='ocrx_word' id='word_1_18' title='bbox 512 534 579 577; x_wconf 93' lang='lat' dir='ltr'>cum</span> <span class='ocrx_word' id='word_1_19' title='bbox 603 517 660 576; x_wconf 84' lang='lat' dir='ltr'>ianr</span> <span class='ocrx_word' id='word_1_20' title='bbox 683 515 775 576; x_wconf 90' lang='lat' dir='ltr'>fueris</span> <span class='ocrx_word' id='word_1_21' title='bbox 794 517 910 594; x_wconf 92' lang='lat' dir='ltr'>potiora</span> <span class='ocrx_word' id='word_1_22' title='bbox 928 525 1086 597; x_wconf 78' lang='lat' dir='ltr'>precatae,</span> <span class='ocrx_word' id='word_1_23' title='bbox 1101 531 1157 580; x_wconf 77' lang='lat' dir='ltr'>tiro</span> 
     </span>
     <span class='ocr_line' id='line_1_5' title="bbox 282 601 958 683; baseline 0.001 -19"><span class='ocrx_word' id='word_1_24' title='bbox 282 603 321 665; x_wconf 87' lang='lat' dir='ltr'>Ut</span> <span class='ocrx_word' id='word_1_25' title='bbox 343 604 416 664; x_wconf 89' lang='lat' dir='ltr'>mihi</span> <span class='ocrx_word' id='word_1_26' title='bbox 440 604 573 682; x_wconf 82' lang='lat' dir='ltr'>placetur</span> <span class='ocrx_word' id='word_1_27' title='bbox 596 605 739 682; x_wconf 87' lang='lat' dir='ltr'>principis</span> <span class='ocrx_word' id='word_1_28' title='bbox 762 605 806 663; x_wconf 91' lang='lat' dir='ltr'>ira</span> <span class='ocrx_word' id='word_1_29' title='bbox 819 649 828 683; x_wconf 87' lang='lat'>‚</span> <span class='ocrx_word' id='word_1_30' title='bbox 852 601 958 682; x_wconf 80' lang='lat' dir='ltr'>roges!</span> 
     </span>
     <span class='ocr_line' id='line_1_6' title="bbox 239 691 1079 774; baseline 0.004 -23"><span class='ocrx_word' id='word_1_31' title='bbox 239 691 347 770; x_wconf 85' lang='lat' dir='ltr'>Surget</span> <span class='ocrx_word' id='word_1_32' title='bbox 370 692 405 752; x_wconf 87' lang='lat' dir='ltr'>ad</span> <span class='ocrx_word' id='word_1_33' title='bbox 428 691 504 752; x_wconf 93' lang='lat' dir='ltr'>hanc</span> <span class='ocrx_word' id='word_1_34' title='bbox 527 708 628 751; x_wconf 86' lang='lat' dir='ltr'>vocem</span> <span class='ocrx_word' id='word_1_35' title='bbox 652 691 739 769; x_wconf 90' lang='lat' dir='ltr'>plena</span> <span class='ocrx_word' id='word_1_36' title='bbox 760 692 827 771; x_wconf 89' lang='lat' dir='ltr'>pius</span> <span class='ocrx_word' id='word_1_37' title='bbox 851 692 928 770; x_wconf 81' lang='lat' dir='ltr'>ignis</span> <span class='ocrx_word' id='word_1_38' title='bbox 951 691 989 754; x_wconf 88' lang='lat' dir='ltr'>ab</span> <span class='ocrx_word' id='word_1_39' title='bbox 1012 710 1079 774; x_wconf 87' lang='lat' dir='ltr'>ara,</span> 
     </span>
     <span class='ocr_line' id='line_1_7' title="bbox 283 779 987 859; baseline 0.001 -19"><span class='ocrx_word' id='word_1_40' title='bbox 283 781 397 859; x_wconf 78' lang='lat' dir='ltr'>lletque</span> <span class='ocrx_word' id='word_1_41' title='bbox 420 779 532 841; x_wconf 81' lang='lat' dir='ltr'>bonum</span> <span class='ocrx_word' id='word_1_42' title='bbox 555 789 622 839; x_wconf 87' lang='lat' dir='ltr'>voto</span> <span class='ocrx_word' id='word_1_43' title='bbox 645 779 762 839; x_wconf 90' lang='lat' dir='ltr'>lucidus</span> <span class='ocrx_word' id='word_1_44' title='bbox 785 796 872 840; x_wconf 89' lang='lat' dir='ltr'>omen</span> <span class='ocrx_word' id='word_1_45' title='bbox 895 797 987 858; x_wconf 84' lang='lat' dir='ltr'>apex.</span> 
     </span>
     <span class='ocr_line' id='line_1_8' title="bbox 189 867 1071 949; baseline -0.002 -21"><span class='ocrx_word' id='word_1_46' title='bbox 189 878 224 928; x_wconf 79' lang='lat'>55</span> <span class='ocrx_word' id='word_1_47' title='bbox 238 867 356 928; x_wconf 82' lang='lat' dir='ltr'>Interea</span> <span class='ocrx_word' id='word_1_48' title='bbox 368 912 377 944; x_wconf 90' lang='lat'><em>,</em></span> <span class='ocrx_word' id='word_1_49' title='bbox 401 886 458 946; x_wconf 93' lang='lat' dir='ltr'>qua</span> <span class='ocrx_word' id='word_1_50' title='bbox 482 874 565 946; x_wconf 87' lang='lat' dir='ltr'>parte</span> <span class='ocrx_word' id='word_1_51' title='bbox 588 867 679 947; x_wconf 88' lang='lat' dir='ltr'>licet,</span> <span class='ocrx_word' id='word_1_52' title='bbox 702 884 740 927; x_wconf 88' lang='lat' dir='ltr'>ne</span> <span class='ocrx_word' id='word_1_53' title='bbox 764 875 870 928; x_wconf 89' lang='lat' dir='ltr'>cuneta</span> <span class='ocrx_word' id='word_1_54' title='bbox 894 884 1071 949; x_wconf 82' lang='lat' dir='ltr'>queramur,</span> 
     </span>
     <span class='ocr_line' id='line_1_9' title="bbox 282 954 1075 1035; baseline 0.001 -19"><span class='ocrx_word' id='word_1_55' title='bbox 282 955 338 1016; x_wconf 88' lang='lat' dir='ltr'>llic</span> <span class='ocrx_word' id='word_1_56' title='bbox 362 973 480 1035; x_wconf 93' lang='lat' dir='ltr'>quoque</span> <span class='ocrx_word' id='word_1_57' title='bbox 504 963 532 1016; x_wconf 90' lang='lat' dir='ltr'>te</span> <span class='ocrx_word' id='word_1_58' title='bbox 557 955 666 1016; x_wconf 83' lang='lat' dir='ltr'>festum</span> <span class='ocrx_word' id='word_1_59' title='bbox 689 954 811 1016; x_wconf 89' lang='lat' dir='ltr'>consule</span> <span class='ocrx_word' id='word_1_60' title='bbox 835 965 954 1033; x_wconf 85' lang='lat' dir='ltr'>tempus</span> <span class='ocrx_word' id='word_1_61' title='bbox 977 970 1075 1035; x_wconf 73' lang='lat' dir='ltr'>agam</span> 
     </span>
     <span class='ocr_line' id='line_1_10' title="bbox 238 1042 967 1125; baseline 0 -22"><span class='ocrx_word' id='word_1_62' title='bbox 238 1042 337 1103; x_wconf 80' lang='lat' dir='ltr'>Altera</span> <span class='ocrx_word' id='word_1_63' title='bbox 360 1042 509 1121; x_wconf 87' lang='lat' dir='ltr'>laetitiae,</span> <span class='ocrx_word' id='word_1_64' title='bbox 532 1061 588 1103; x_wconf 90' lang='lat' dir='ltr'>nec</span> <span class='ocrx_word' id='word_1_65' title='bbox 611 1042 721 1103; x_wconf 81' lang='lat' dir='ltr'>cedens</span> <span class='ocrx_word' id='word_1_66' title='bbox 743 1060 832 1104; x_wconf 86' lang='lat' dir='ltr'>causa</span> <span class='ocrx_word' id='word_1_67' title='bbox 855 1044 967 1125; x_wconf 83' lang='lat' dir='ltr'>priori,</span> 
     </span>
     <span class='ocr_line' id='line_1_11' title="bbox 284 1130 899 1192; baseline 0.003 -2"><span class='ocrx_word' id='word_1_68' title='bbox 284 1131 445 1192; x_wconf 85' lang='lat' dir='ltr'>Successor</span> <span class='ocrx_word' id='word_1_69' title='bbox 469 1132 542 1191; x_wconf 86' lang='lat' dir='ltr'>tanti</span> <span class='ocrx_word' id='word_1_70' title='bbox 565 1132 657 1191; x_wconf 90' lang='lat' dir='ltr'>srater</span> <span class='ocrx_word' id='word_1_71' title='bbox 679 1130 801 1191; x_wconf 91' lang='lat' dir='ltr'>honoris</span> <span class='ocrx_word' id='word_1_72' title='bbox 825 1133 899 1192; x_wconf 91' lang='lat' dir='ltr'>erit.</span> 
     </span>
     <span class='ocr_line' id='line_1_12' title="bbox 237 1215 1058 1300; baseline 0.002 -23"><span class='ocrx_word' id='word_1_73' title='bbox 237 1215 311 1279; x_wconf 91' lang='lat' dir='ltr'>Nam</span> <span class='ocrx_word' id='word_1_74' title='bbox 334 1218 389 1280; x_wconf 87' lang='lat' dir='ltr'>tibi</span> <span class='ocrx_word' id='word_1_75' title='bbox 411 1220 527 1280; x_wconf 85' lang='lat' dir='ltr'>finitum</span> <span class='ocrx_word' id='word_1_76' title='bbox 551 1236 688 1299; x_wconf 88' lang='lat' dir='ltr'>summo,</span> <span class='ocrx_word' id='word_1_77' title='bbox 712 1218 879 1300; x_wconf 85' lang='lat' dir='ltr'>Graecina,</span> <span class='ocrx_word' id='word_1_78' title='bbox 902 1217 1058 1280; x_wconf 85' lang='lat' dir='ltr'>Decembri</span> 
     </span>
     <span class='ocr_line' id='line_1_13' title="bbox 188 1306 833 1386; baseline 0.002 -19"><span class='ocrx_word' id='word_1_79' title='bbox 188 1319 223 1367; x_wconf 82' lang='lat' dir='ltr'>oo</span> <span class='ocrx_word' id='word_1_80' title='bbox 280 1307 441 1386; x_wconf 88' lang='lat' dir='ltr'>Imperium</span> <span class='ocrx_word' id='word_1_81' title='bbox 463 1307 526 1367; x_wconf 90' lang='lat' dir='ltr'>lani</span> <span class='ocrx_word' id='word_1_82' title='bbox 549 1309 673 1386; x_wconf 89' lang='lat' dir='ltr'>suscipit</span> <span class='ocrx_word' id='word_1_83' title='bbox 695 1306 745 1367; x_wconf 88' lang='lat' dir='ltr'>ille</span> <span class='ocrx_word' id='word_1_84' title='bbox 768 1307 833 1368; x_wconf 89' lang='lat' dir='ltr'>die.</span> 
     </span>
     <span class='ocr_line' id='line_1_14' title="bbox 238 1394 1010 1476; baseline 0.001 -20"><span class='ocrx_word' id='word_1_85' title='bbox 238 1395 379 1474; x_wconf 84' lang='lat' dir='ltr'>Quaeque</span> <span class='ocrx_word' id='word_1_86' title='bbox 403 1403 449 1456; x_wconf 88' lang='lat' dir='ltr'>est</span> <span class='ocrx_word' id='word_1_87' title='bbox 471 1398 502 1455; x_wconf 93' lang='lat' dir='ltr'>in</span> <span class='ocrx_word' id='word_1_88' title='bbox 526 1394 608 1455; x_wconf 88' lang='lat' dir='ltr'>robis</span> <span class='ocrx_word' id='word_1_89' title='bbox 631 1396 750 1476; x_wconf 88' lang='lat' dir='ltr'>pietas,</span> <span class='ocrx_word' id='word_1_90' title='bbox 771 1395 885 1457; x_wconf 87' lang='lat' dir='ltr'>alterna</span> <span class='ocrx_word' id='word_1_91' title='bbox 907 1396 1010 1457; x_wconf 83' lang='lat' dir='ltr'>teretis</span> 
     </span>
     <span class='ocr_line' id='line_1_15' title="bbox 283 1483 943 1564; baseline 0.005 -20"><span class='ocrx_word' id='word_1_92' title='bbox 283 1484 415 1564; x_wconf 85' lang='lat' dir='ltr'>Gaudia,</span> <span class='ocrx_word' id='word_1_93' title='bbox 439 1493 471 1544; x_wconf 90' lang='lat' dir='ltr'>tu</span> <span class='ocrx_word' id='word_1_94' title='bbox 496 1483 595 1543; x_wconf 87' lang='lat' dir='ltr'>fratris</span> <span class='ocrx_word' id='word_1_95' title='bbox 618 1483 748 1544; x_wconf 83' lang='lat' dir='ltr'>fascibus</span> <span class='ocrx_word' id='word_1_96' title='bbox 761 1529 771 1564; x_wconf 82' lang='lat'><em>,</em></span> <span class='ocrx_word' id='word_1_97' title='bbox 793 1483 843 1545; x_wconf 90' lang='lat' dir='ltr'>illo</span> <span class='ocrx_word' id='word_1_98' title='bbox 866 1486 943 1547; x_wconf 85' lang='lat' dir='ltr'>tuis.</span> 
     </span>
     <span class='ocr_line' id='line_1_16' title="bbox 238 1569 1019 1652; baseline 0.003 -21"><span class='ocrx_word' id='word_1_99' title='bbox 238 1571 288 1631; x_wconf 91' lang='lat' dir='ltr'>Sic</span> <span class='ocrx_word' id='word_1_100' title='bbox 311 1580 344 1633; x_wconf 91' lang='lat' dir='ltr'>tu</span> <span class='ocrx_word' id='word_1_101' title='bbox 367 1572 414 1632; x_wconf 89' lang='lat' dir='ltr'>bis</span> <span class='ocrx_word' id='word_1_102' title='bbox 438 1573 530 1632; x_wconf 87' lang='lat' dir='ltr'>lueris</span> <span class='ocrx_word' id='word_1_103' title='bbox 553 1569 679 1652; x_wconf 83' lang='lat' dir='ltr'>consul,</span> <span class='ocrx_word' id='word_1_104' title='bbox 702 1570 748 1631; x_wconf 89' lang='lat' dir='ltr'>bis</span> <span class='ocrx_word' id='word_1_105' title='bbox 771 1570 875 1633; x_wconf 88' lang='lat' dir='ltr'>consol</span> <span class='ocrx_word' id='word_1_106' title='bbox 898 1580 930 1633; x_wconf 90' lang='lat' dir='ltr'>et</span> <span class='ocrx_word' id='word_1_107' title='bbox 951 1570 1019 1651; x_wconf 90' lang='lat' dir='ltr'>illa,</span> 
     </span>
     <span class='ocr_line' id='line_1_17' title="bbox 282 1659 966 1738; baseline 0.003 -19"><span class='ocrx_word' id='word_1_108' title='bbox 282 1659 375 1738; x_wconf 90' lang='lat' dir='ltr'>Inque</span> <span class='ocrx_word' id='word_1_109' title='bbox 399 1659 485 1719; x_wconf 89' lang='lat' dir='ltr'>domo</span> <span class='ocrx_word' id='word_1_110' title='bbox 508 1659 606 1720; x_wconf 90' lang='lat' dir='ltr'>bimus</span> <span class='ocrx_word' id='word_1_111' title='bbox 629 1660 830 1737; x_wconf 91' lang='lat' dir='ltr'>conspicietur</span> <span class='ocrx_word' id='word_1_112' title='bbox 851 1659 966 1721; x_wconf 68' lang='lat' dir='ltr'>honor·</span> 
     </span>
     <span class='ocr_line' id='line_1_18' title="bbox 188 1746 1154 1828; baseline 0 -21"><span class='ocrx_word' id='word_1_113' title='bbox 188 1756 223 1807; x_wconf 76' lang='lat' dir='ltr'>oo</span> <span class='ocrx_word' id='word_1_114' title='bbox 239 1747 297 1818; x_wconf 86' lang='lat' dir='ltr'>Qui</span> <span class='ocrx_word' id='word_1_115' title='bbox 320 1764 497 1825; x_wconf 89' lang='lat' dir='ltr'>quamquam</span> <span class='ocrx_word' id='word_1_116' title='bbox 516 1755 562 1808; x_wconf 89' lang='lat' dir='ltr'>est</span> <span class='ocrx_word' id='word_1_117' title='bbox 583 1749 710 1828; x_wconf 81' lang='lat' dir='ltr'>ingens,</span> <span class='ocrx_word' id='word_1_118' title='bbox 729 1754 760 1807; x_wconf 91' lang='lat' dir='ltr'>et</span> <span class='ocrx_word' id='word_1_119' title='bbox 780 1746 894 1808; x_wconf 90' lang='lat' dir='ltr'>nullum</span> <span class='ocrx_word' id='word_1_120' title='bbox 913 1746 1019 1809; x_wconf 76' lang='lat' dir='ltr'>Martie</span> <span class='ocrx_word' id='word_1_121' title='bbox 1040 1764 1154 1808; x_wconf 89' lang='lat' dir='ltr'>summo</span> 
     </span>
     <span class='ocr_line' id='line_1_19' title="bbox 282 1833 937 1916; baseline 0 -21"><span class='ocrx_word' id='word_1_122' title='bbox 282 1834 378 1895; x_wconf 74' lang='lat' dir='ltr'>Altius</span> <span class='ocrx_word' id='word_1_123' title='bbox 400 1836 558 1913; x_wconf 89' lang='lat' dir='ltr'>imperium</span> <span class='ocrx_word' id='word_1_124' title='bbox 582 1833 703 1896; x_wconf 87' lang='lat' dir='ltr'>consule</span> <span class='ocrx_word' id='word_1_125' title='bbox 726 1834 817 1895; x_wconf 83' lang='lat' dir='ltr'>Roma</span> <span class='ocrx_word' id='word_1_126' title='bbox 841 1835 937 1916; x_wconf 87' lang='lat' dir='ltr'>ridet,</span> 
     </span>
     <span class='ocr_line' id='line_1_20' title="bbox 238 1921 1128 2006; baseline 0.003 -24"><span class='ocrx_word' id='word_1_127' title='bbox 238 1921 414 2001; x_wconf 75' lang='lat' dir='ltr'>Multiplices</span> <span class='ocrx_word' id='word_1_128' title='bbox 437 1930 535 1982; x_wconf 88' lang='lat' dir='ltr'>tamen</span> <span class='ocrx_word' id='word_1_129' title='bbox 558 1922 639 1983; x_wconf 92' lang='lat' dir='ltr'>hunc</span> <span class='ocrx_word' id='word_1_130' title='bbox 660 1924 787 2001; x_wconf 80' lang='lat' dir='ltr'>gravitas</span> <span class='ocrx_word' id='word_1_131' title='bbox 811 1926 942 1984; x_wconf 87' lang='lat' dir='ltr'>auctoris</span> <span class='ocrx_word' id='word_1_132' title='bbox 965 1923 1128 2006; x_wconf 87' lang='lat' dir='ltr'>honorem,</span> 
     </span>
     <span class='ocr_line' id='line_1_21' title="bbox 281 2009 934 2072; baseline 0.003 -2"><span class='ocrx_word' id='word_1_133' title='bbox 281 2009 320 2071; x_wconf 76' lang='lat' dir='ltr'>lu</span> <span class='ocrx_word' id='word_1_134' title='bbox 342 2012 524 2071; x_wconf 89' lang='lat' dir='ltr'>maiestatem</span> <span class='ocrx_word' id='word_1_135' title='bbox 547 2029 596 2071; x_wconf 91' lang='lat' dir='ltr'>res</span> <span class='ocrx_word' id='word_1_136' title='bbox 620 2010 686 2071; x_wconf 89' lang='lat' dir='ltr'>data</span> <span class='ocrx_word' id='word_1_137' title='bbox 709 2010 807 2072; x_wconf 89' lang='lat' dir='ltr'>dantis</span> <span class='ocrx_word' id='word_1_138' title='bbox 829 2010 934 2072; x_wconf 87' lang='lat' dir='ltr'>habet.</span> 
     </span>
     <span class='ocr_line' id='line_1_22' title="bbox 237 2096 907 2178; baseline 0.004 -21"><span class='ocrx_word' id='word_1_139' title='bbox 237 2096 358 2158; x_wconf 87' lang='lat' dir='ltr'>Iudiciis</span> <span class='ocrx_word' id='word_1_140' title='bbox 382 2100 474 2177; x_wconf 86' lang='lat' dir='ltr'>igitur</span> <span class='ocrx_word' id='word_1_141' title='bbox 496 2098 584 2159; x_wconf 88' lang='lat' dir='ltr'>liceat</span> <span class='ocrx_word' id='word_1_142' title='bbox 606 2097 770 2178; x_wconf 86' lang='lat' dir='ltr'>Flaccoque</span> <span class='ocrx_word' id='word_1_143' title='bbox 793 2098 907 2178; x_wconf 86' lang='lat' dir='ltr'>tibique</span> 
     </span>
     <span class='ocr_line' id='line_1_23' title="bbox 188 2184 956 2265; baseline 0.003 -18"><span class='ocrx_word' id='word_1_144' title='bbox 188 2197 224 2247; x_wconf 83' lang='lat' dir='ltr'>&#39;to</span> <span class='ocrx_word' id='word_1_145' title='bbox 283 2184 404 2246; x_wconf 86' lang='lat' dir='ltr'>Talibus</span> <span class='ocrx_word' id='word_1_146' title='bbox 427 2187 551 2265; x_wconf 75' lang='lat' dir='ltr'>Augusti</span> <span class='ocrx_word' id='word_1_147' title='bbox 574 2195 692 2265; x_wconf 90' lang='lat' dir='ltr'>tempus</span> <span class='ocrx_word' id='word_1_148' title='bbox 715 2189 746 2247; x_wconf 93' lang='lat' dir='ltr'>in</span> <span class='ocrx_word' id='word_1_149' title='bbox 769 2204 856 2247; x_wconf 88' lang='lat' dir='ltr'>omne</span> <span class='ocrx_word' id='word_1_150' title='bbox 879 2187 956 2249; x_wconf 84' lang='lat' dir='ltr'>frui.</span> 
     </span>
     <span class='ocr_line' id='line_1_24' title="bbox 239 2273 1022 2355; baseline 0.005 -22"><span class='ocrx_word' id='word_1_151' title='bbox 239 2273 323 2345; x_wconf 77' lang='lat' dir='ltr'>erod</span> <span class='ocrx_word' id='word_1_152' title='bbox 347 2281 446 2334; x_wconf 87' lang='lat' dir='ltr'>tamen</span> <span class='ocrx_word' id='word_1_153' title='bbox 469 2292 486 2334; x_wconf 93' lang='lat' dir='ltr'>a</span> <span class='ocrx_word' id='word_1_154' title='bbox 508 2292 610 2335; x_wconf 91' lang='lat' dir='ltr'>rerum</span> <span class='ocrx_word' id='word_1_155' title='bbox 632 2292 704 2335; x_wconf 89' lang='lat' dir='ltr'>cura</span> <span class='ocrx_word' id='word_1_156' title='bbox 727 2276 866 2353; x_wconf 87' lang='lat' dir='ltr'>propiore</span> <span class='ocrx_word' id='word_1_157' title='bbox 890 2273 1022 2355; x_wconf 83' lang='lat' dir='ltr'>vacabit,</span> 
     </span>
     <span class='ocr_line' id='line_1_25' title="bbox 282 2360 938 2442; baseline 0.008 -22"><span class='ocrx_word' id='word_1_158' title='bbox 282 2360 354 2423; x_wconf 93' lang='lat' dir='ltr'>Vota</span> <span class='ocrx_word' id='word_1_159' title='bbox 376 2381 484 2442; x_wconf 89' lang='lat' dir='ltr'>precor</span> <span class='ocrx_word' id='word_1_160' title='bbox 506 2364 582 2424; x_wconf 88' lang='lat' dir='ltr'>votis</span> <span class='ocrx_word' id='word_1_161' title='bbox 606 2362 702 2422; x_wconf 87' lang='lat' dir='ltr'>addite</span> <span class='ocrx_word' id='word_1_162' title='bbox 726 2370 824 2423; x_wconf 87' lang='lat' dir='ltr'>vestra</span> <span class='ocrx_word' id='word_1_163' title='bbox 846 2365 938 2425; x_wconf 89' lang='lat' dir='ltr'>meis.</span> 
     </span>
     <span class='ocr_line' id='line_1_26' title="bbox 236 2450 1148 2532; baseline 0.002 -23"><span class='ocrx_word' id='word_1_164' title='bbox 236 2450 275 2511; x_wconf 88' lang='lat' dir='ltr'>Et</span> <span class='ocrx_word' id='word_1_165' title='bbox 297 2453 411 2530; x_wconf 87' lang='lat' dir='ltr'>siquem</span> <span class='ocrx_word' id='word_1_166' title='bbox 432 2450 513 2512; x_wconf 87' lang='lat' dir='ltr'>dabit</span> <span class='ocrx_word' id='word_1_167' title='bbox 535 2468 606 2511; x_wconf 87' lang='lat' dir='ltr'>aura</span> <span class='ocrx_word' id='word_1_168' title='bbox 629 2452 726 2510; x_wconf 90' lang='lat' dir='ltr'>sinum</span> <span class='ocrx_word' id='word_1_169' title='bbox 737 2497 747 2530; x_wconf 85' lang='lat'><em>‚</em></span> <span class='ocrx_word' id='word_1_170' title='bbox 770 2452 876 2512; x_wconf 86' lang='lat' dir='ltr'>iactate</span> <span class='ocrx_word' id='word_1_171' title='bbox 899 2450 1061 2532; x_wconf 87' lang='lat' dir='ltr'>rudentes,</span> <span class='ocrx_word' id='word_1_172' title='bbox 1098 2463 1148 2513; x_wconf 70' lang='grc' dir='ltr'><strong>(ιιι)</strong></span> 
     </span>
     <span class='ocr_line' id='line_1_27' title="bbox 281 2537 920 2618; baseline 0.003 -20"><span class='ocrx_word' id='word_1_173' title='bbox 281 2537 374 2600; x_wconf 83' lang='lat' dir='ltr'>Exeat</span> <span class='ocrx_word' id='word_1_174' title='bbox 397 2559 413 2600; x_wconf 91' lang='lat' dir='ltr'>e</span> <span class='ocrx_word' id='word_1_175' title='bbox 438 2539 546 2618; x_wconf 82' lang='lat' dir='ltr'>Stygiis</span> <span class='ocrx_word' id='word_1_176' title='bbox 569 2547 604 2598; x_wconf 91' lang='lat' dir='ltr'>ut</span> <span class='ocrx_word' id='word_1_177' title='bbox 625 2555 691 2598; x_wconf 89' lang='lat' dir='ltr'>mea</span> <span class='ocrx_word' id='word_1_178' title='bbox 713 2540 795 2599; x_wconf 87' lang='lat' dir='ltr'>naris</span> <span class='ocrx_word' id='word_1_179' title='bbox 818 2541 920 2618; x_wconf 91' lang='lat' dir='ltr'>aquis.</span> 
     </span>
     <span class='ocr_line' id='line_1_28' title="bbox 189 2624 1146 2708; baseline -0.001 -23"><span class='ocrx_word' id='word_1_180' title='bbox 189 2637 223 2685; x_wconf 78' lang='lat'>&#39;15</span> <span class='ocrx_word' id='word_1_181' title='bbox 237 2626 370 2687; x_wconf 87' lang='lat' dir='ltr'>Praeluit</span> <span class='ocrx_word' id='word_1_182' title='bbox 392 2627 458 2706; x_wconf 86' lang='lat' dir='ltr'>his,</span> <span class='ocrx_word' id='word_1_183' title='bbox 482 2627 645 2706; x_wconf 85' lang='lat' dir='ltr'>Graeciae,</span> <span class='ocrx_word' id='word_1_184' title='bbox 674 2625 747 2687; x_wconf 90' lang='lat' dir='ltr'>locis</span> <span class='ocrx_word' id='word_1_185' title='bbox 774 2626 862 2686; x_wconf 91' lang='lat' dir='ltr'>modo</span> <span class='ocrx_word' id='word_1_186' title='bbox 885 2626 1029 2708; x_wconf 80' lang='lat' dir='ltr'>Flaccus3</span> <span class='ocrx_word' id='word_1_187' title='bbox 1054 2634 1084 2688; x_wconf 87' lang='lat' dir='ltr'>et</span> <span class='ocrx_word' id='word_1_188' title='bbox 1104 2624 1146 2686; x_wconf 90' lang='lat' dir='ltr'>illo</span> 
     </span>
     <span class='ocr_line' id='line_1_29' title="bbox 282 2713 943 2791; baseline 0.008 -18"><span class='ocrx_word' id='word_1_189' title='bbox 282 2713 356 2791; x_wconf 86' lang='lat' dir='ltr'>Ripa</span> <span class='ocrx_word' id='word_1_190' title='bbox 378 2715 462 2774; x_wconf 86' lang='lat' dir='ltr'>ferox</span> <span class='ocrx_word' id='word_1_191' title='bbox 486 2714 579 2774; x_wconf 86' lang='lat' dir='ltr'>Histri</span> <span class='ocrx_word' id='word_1_192' title='bbox 601 2713 656 2774; x_wconf 91' lang='lat' dir='ltr'>suh</span> <span class='ocrx_word' id='word_1_193' title='bbox 681 2714 756 2775; x_wconf 74' lang='lat' dir='ltr'>derce</span> <span class='ocrx_word' id='word_1_194' title='bbox 779 2722 844 2776; x_wconf 89' lang='lat' dir='ltr'>tnta</span> <span class='ocrx_word' id='word_1_195' title='bbox 866 2714 943 2778; x_wconf 82' lang='lat' dir='ltr'>tuit.</span> 
     </span>
     <span class='ocr_line' id='line_1_30' title="bbox 237 2798 927 2881; baseline 0.007 -22"><span class='ocrx_word' id='word_1_196' title='bbox 237 2798 292 2860; x_wconf 86' lang='lat' dir='ltr'>llic</span> <span class='ocrx_word' id='word_1_197' title='bbox 316 2804 413 2862; x_wconf 89' lang='lat' dir='ltr'>tenuit</span> <span class='ocrx_word' id='word_1_198' title='bbox 435 2801 531 2881; x_wconf 79' lang='lat' dir='ltr'>llysas</span> <span class='ocrx_word' id='word_1_199' title='bbox 553 2809 657 2881; x_wconf 84' lang='lat' dir='ltr'>gentes</span> <span class='ocrx_word' id='word_1_200' title='bbox 680 2804 710 2863; x_wconf 89' lang='lat' dir='ltr'>in</span> <span class='ocrx_word' id='word_1_201' title='bbox 733 2819 806 2880; x_wconf 89' lang='lat' dir='ltr'>pace</span> <span class='ocrx_word' id='word_1_202' title='bbox 829 2801 927 2864; x_wconf 81' lang='lat' dir='ltr'>oden:</span> 
     </span>
     <span class='ocr_line' id='line_1_31' title="bbox 281 2886 879 2951; baseline 0.007 -4"><span class='ocrx_word' id='word_1_203' title='bbox 281 2886 336 2948; x_wconf 86' lang='lat' dir='ltr'>llic</span> <span class='ocrx_word' id='word_1_204' title='bbox 360 2906 430 2949; x_wconf 90' lang='lat' dir='ltr'>arcn</span> <span class='ocrx_word' id='word_1_205' title='bbox 454 2891 524 2950; x_wconf 88' lang='lat' dir='ltr'>fisos</span> <span class='ocrx_word' id='word_1_206' title='bbox 547 2892 656 2951; x_wconf 86' lang='lat' dir='ltr'>terruit</span> <span class='ocrx_word' id='word_1_207' title='bbox 678 2907 749 2951; x_wconf 88' lang='lat' dir='ltr'>ense</span> <span class='ocrx_word' id='word_1_208' title='bbox 773 2890 879 2951; x_wconf 88' lang='lat' dir='ltr'>Getas.</span> 
     </span>
    </p>
   </div>
   <div class='ocr_carea' id='block_1_3' title="bbox 186 2974 1095 3586">
    <p class='ocr_par' dir='ltr' id='par_1_3' title="bbox 186 2974 1078 3586">
     <span class='ocr_line' id='line_1_32' title="bbox 235 2974 988 3059; baseline 0.007 -24"><span class='ocrx_word' id='word_1_209' title='bbox 235 2974 292 3035; x_wconf 87' lang='lat' dir='ltr'>llic</span> <span class='ocrx_word' id='word_1_210' title='bbox 315 2983 429 3054; x_wconf 90' lang='lat' dir='ltr'>raptam</span> <span class='ocrx_word' id='word_1_211' title='bbox 453 2977 589 3038; x_wconf 84' lang='lat' dir='ltr'>Trosmin</span> <span class='ocrx_word' id='word_1_212' title='bbox 613 2977 702 3038; x_wconf 89' lang='lat' dir='ltr'>celeri</span> <span class='ocrx_word' id='word_1_213' title='bbox 725 2979 834 3039; x_wconf 90' lang='lat' dir='ltr'>virtute</span> <span class='ocrx_word' id='word_1_214' title='bbox 857 2979 988 3059; x_wconf 85' lang='lat' dir='ltr'>recepit,</span> 
     </span>
     <span class='ocr_line' id='line_1_33' title="bbox 187 3064 903 3145; baseline 0.001 -21"><span class='ocrx_word' id='word_1_215' title='bbox 187 3075 222 3125; x_wconf 86' lang='lat'>80</span> <span class='ocrx_word' id='word_1_216' title='bbox 281 3064 445 3144; x_wconf 86' lang='lat' dir='ltr'>lniecitque</span> <span class='ocrx_word' id='word_1_217' title='bbox 469 3065 532 3125; x_wconf 87' lang='lat' dir='ltr'>sero</span> <span class='ocrx_word' id='word_1_218' title='bbox 556 3067 698 3145; x_wconf 82' lang='lat' dir='ltr'>sanguine</span> <span class='ocrx_word' id='word_1_219' title='bbox 720 3065 903 3128; x_wconf 85' lang='lat' dir='ltr'>Danuvium.</span> 
     </span>
     <span class='ocr_line' id='line_1_34' title="bbox 237 3151 1095 3233; baseline -0.002 -20"><span class='ocrx_word' id='word_1_220' title='bbox 237 3152 352 3224; x_wconf 84' lang='lat' dir='ltr'>Quaere</span> <span class='ocrx_word' id='word_1_221' title='bbox 375 3152 434 3213; x_wconf 91' lang='lat' dir='ltr'>loci</span> <span class='ocrx_word' id='word_1_222' title='bbox 457 3153 562 3213; x_wconf 82' lang='lat' dir='ltr'>faciem</span> <span class='ocrx_word' id='word_1_223' title='bbox 586 3153 775 3233; x_wconf 76' lang='lat' dir='ltr'>Scythicique</span> <span class='ocrx_word' id='word_1_224' title='bbox 798 3154 985 3216; x_wconf 89' lang='lat' dir='ltr'>incommoda</span> <span class='ocrx_word' id='word_1_225' title='bbox 1007 3151 1095 3232; x_wconf 86' lang='lat' dir='ltr'>caeli,</span> 
     </span>
     <span class='ocr_line' id='line_1_35' title="bbox 188 3240 929 3324; baseline 0.001 -23"><span class='ocrx_word' id='word_1_226' title='bbox 188 3256 190 3260; x_wconf 68' lang='grc'><strong>“</strong></span> <span class='ocrx_word' id='word_1_227' title='bbox 280 3240 319 3302; x_wconf 86' lang='lat' dir='ltr'>Et</span> <span class='ocrx_word' id='word_1_228' title='bbox 342 3260 430 3320; x_wconf 92' lang='lat' dir='ltr'>quarn</span> <span class='ocrx_word' id='word_1_229' title='bbox 452 3243 548 3302; x_wconf 86' lang='lat' dir='ltr'>vicino</span> <span class='ocrx_word' id='word_1_230' title='bbox 572 3249 686 3302; x_wconf 92' lang='lat' dir='ltr'>terrear</span> <span class='ocrx_word' id='word_1_231' title='bbox 709 3242 794 3304; x_wconf 87' lang='lat' dir='ltr'>hoste</span> <span class='ocrx_word' id='word_1_232' title='bbox 808 3260 929 3324; x_wconf 75' lang='lat' dir='ltr'>,aroge</span> 
     </span>
     <span class='ocr_line' id='line_1_36' title="bbox 236 3327 986 3411; baseline 0.005 -24"><span class='ocrx_word' id='word_1_233' title='bbox 236 3327 340 3389; x_wconf 90' lang='lat' dir='ltr'>Sintne</span> <span class='ocrx_word' id='word_1_234' title='bbox 364 3330 469 3390; x_wconf 89' lang='lat' dir='ltr'>litaet</span> <span class='ocrx_word' id='word_1_235' title='bbox 456 3337 561 3390; x_wconf 91' lang='lat' dir='ltr'>tenues</span> <span class='ocrx_word' id='word_1_236' title='bbox 586 3332 734 3409; x_wconf 87' lang='lat' dir='ltr'>serpentis</span> <span class='ocrx_word' id='word_1_237' title='bbox 756 3329 824 3390; x_wconf 85' lang='lat' dir='ltr'>lelle</span> <span class='ocrx_word' id='word_1_238' title='bbox 848 3331 986 3411; x_wconf 81' lang='lat' dir='ltr'>sagittae,</span> 
     </span>
     <span class='ocr_line' id='line_1_37' title="bbox 280 3415 945 3497; baseline 0.008 -23"><span class='ocrx_word' id='word_1_239' title='bbox 280 3415 345 3476; x_wconf 86' lang='lat' dir='ltr'>Fiat</span> <span class='ocrx_word' id='word_1_240' title='bbox 368 3436 404 3478; x_wconf 94' lang='lat' dir='ltr'>an</span> <span class='ocrx_word' id='word_1_241' title='bbox 427 3417 589 3479; x_wconf 90' lang='lat' dir='ltr'>humanum</span> <span class='ocrx_word' id='word_1_242' title='bbox 612 3419 730 3477; x_wconf 84' lang='lat' dir='ltr'>victima</span> <span class='ocrx_word' id='word_1_243' title='bbox 753 3418 815 3478; x_wconf 88' lang='lat' dir='ltr'>dira</span> <span class='ocrx_word' id='word_1_244' title='bbox 839 3425 945 3497; x_wconf 79' lang='lat' dir='ltr'>caput:</span> 
     </span>
     <span class='ocr_line' id='line_1_38' title="bbox 186 3500 985 3586; baseline 0.006 -26"><span class='ocrx_word' id='word_1_245' title='bbox 186 3511 221 3560; x_wconf 83' lang='lat'>85</span> <span class='ocrx_word' id='word_1_246' title='bbox 235 3500 362 3563; x_wconf 83' lang='lat' dir='ltr'>ilentiar</span> <span class='ocrx_word' id='word_1_247' title='bbox 374 3549 383 3583; x_wconf 90' lang='lat'><strong><em>,</em></strong></span> <span class='ocrx_word' id='word_1_248' title='bbox 407 3522 443 3565; x_wconf 93' lang='lat' dir='ltr'>an</span> <span class='ocrx_word' id='word_1_249' title='bbox 467 3513 551 3566; x_wconf 87' lang='lat' dir='ltr'>coeat</span> <span class='ocrx_word' id='word_1_250' title='bbox 575 3505 698 3566; x_wconf 87' lang='lat' dir='ltr'>duratus</span> <span class='ocrx_word' id='word_1_251' title='bbox 721 3505 832 3583; x_wconf 82' lang='lat' dir='ltr'>frigore</span> <span class='ocrx_word' id='word_1_252' title='bbox 855 3505 985 3586; x_wconf 86' lang='lat' dir='ltr'>Pontus,</span> 
     </span>
    </p>
   </div>
   <div class='ocr_carea' id='block_1_4' title="bbox 0 0 1198 3892">
    <p class='ocr_par' dir='ltr' id='par_1_4' title="bbox 0 0 1198 3892">
     <span class='ocr_line' id='line_1_39' title="bbox 0 0 1198 3892; baseline 0 0"><span class='ocrx_word' id='word_1_253' title='bbox 0 0 1198 3892; x_wconf 95' lang='lat' dir='ltr'> </span> 
     </span>
    </p>
   </div>
  </div>
 </body>
</html>
