2386 3892
91 159 155 224 266
497 157 690 210 FASTORUM

178 321 267 385 Vallis
290 323 425 384 Aricinae
449 321 520 383 silva
542 322 731 401 praecinctus
754 337 844 399 opaca

223 411 277 473 Est
299 410 402 490 lacus,
425 412 545 489 antiqua
568 407 711 488 religione
734 425 835 470 sacer.

113 511 164 562 265
179 499 233 560 Hic
256 498 327 561 latet
349 496 525 577 Hippolytus
548 497 635 558 iuriis
657 496 791 574 direptus
815 513 979 577 equorum,

222 585 307 648 Unde
330 603 435 646 nemus
458 583 547 647 nullis
569 584 642 646 illud
665 584 763 645 aditur
786 586 888 662 equis.

179 673 258 736 Licia
281 674 471 754 dependent,
493 672 594 751 longas
616 672 742 734 velantia
766 689 886 752 saepes,

224 762 263 825 Et
285 765 380 842 posita
404 769 450 822 est
472 763 594 822 meritae
618 760 710 822 multa
731 759 837 821 tabella
860 758 950 821 deae.

181 850 275 930 Saepe
298 858 405 929 potens
427 851 488 910 voti
500 894 509 929 ,
532 849 660 909 frontem
682 847 818 909 redimita
841 849 977 928 coronis,

113 950 165 1000 2⁷0
224 937 345 999 Femina
367 936 500 998 lucentes
522 943 621 1016 portat
643 934 679 996 ab
702 935 782 997 Urbe
805 934 901 997 laces.

179 1025 280 1105 Regna
302 1032 406 1086 tenent
428 1024 520 1085 sortes
543 1023 680 1085 manibus
702 1022 887 1103 pedibusque
910 1023 1046 1102 fugaces,

223 1113 262 1173 Et
284 1114 363 1192 perit
386 1110 519 1191 exemplo
542 1112 697 1190 postmodo
721 1114 846 1191 quisque
870 1129 942 1173 suo.

180 1200 289 1261 belluit
311 1202 425 1262 incerto
449 1199 598 1279 lapidosus
620 1217 773 1261 murmure
796 1201 893 1261 rivus:

225 1288 340 1370 Saepe,
364 1288 416 1349 sed
440 1289 554 1367 exiguis
575 1287 730 1349 haustibus
752 1286 822 1348 inde
844 1285 925 1348 bibi.

113 1388 164 1439 2⁷5
179 1377 286 1456 Egeria
309 1385 374 1456 est,
398 1394 473 1455 quae
491 1374 614 1454 praebet
632 1393 742 1456 aquas,
765 1375 820 1435 dea
842 1381 925 1453 grata
943 1372 1090 1434 Camenis.

222 1464 273 1526 llla
296 1464 408 1525 Numae
431 1466 560 1524 coniunx
583 1463 798 1542 consiliumque
820 1462 894 1523 luit.

179 1553 328 1632 Principio
352 1553 476 1613 nimium
498 1559 652 1631 promptos
674 1551 711 1612 ad
733 1549 809 1611 bella
832 1549 957 1620 Quiritis

223 1639 331 1700 lllolliri
353 1640 464 1719 placuit
486 1641 551 1700 iure
575 1639 722 1718 deumque
745 1645 843 1699 metu.

179 1728 250 1788 lnde
274 1728 357 1788 datae
380 1726 482 1807 leges,
506 1745 543 1787 ne
567 1727 680 1787 tirmior
703 1728 800 1787 omnia
822 1731 944 1806 posset;

115 1827 166 1877 280
226 1814 394 1894 Coeptaque
418 1821 488 1876 sunt
510 1832 585 1894 pure
608 1814 716 1875 tradita
738 1831 822 1875 sacra
845 1813 919 1874 coli.

180 1902 306 1963 Exrritnr
329 1903 453 1982 feritas,
476 1905 625 1981 armisque
648 1904 799 1980 potentius
821 1918 950 1980 aequum
973 1907 1036 1979 est,

224 1989 262 2051 Et
285 2007 352 2050 cum
376 1991 439 2050 cive
463 1989 555 2068 pudet
578 1992 766 2051 conseruisse
788 2007 910 2050 manus.

181 2078 276 2156 Atque
300 2077 428 2157 aliquis,
451 2077 539 2138 modo
562 2086 653 2158 trux,
677 2079 737 2139 risa
760 2079 818 2138 iam
840 2078 968 2137 vertitur
990 2093 1055 2150 ara,

223 2165 354 2243 Vinaque
378 2164 427 2226 dat
450 2165 558 2245 tepidis
580 2165 715 2245 salsaque
738 2165 816 2226 larra
839 2165 931 2225 locis.

115 2265 165 2325 285
181 2253 258 2314 Ecce
282 2253 369 2313 deum
392 2255 509 2332 genitor
531 2253 635 2314 rutilas
657 2271 712 2332 per
735 2251 835 2313 nubila
857 2252 989 2313 dammas

225 2341 344 2422 Spargit
356 2389 365 2422 ,
388 2349 418 2402 et
441 2343 542 2402 ellusis
565 2341 684 2401 aethera
707 2342 799 2401 siccat
822 2342 924 2419 aquis.

180 2430 244 2490 Non
269 2429 339 2490 alias
362 2431 444 2490 missi
468 2428 602 2489 cecidere
625 2428 812 2507 frequentius
834 2430 937 2506 ignes.

223 2516 286 2578 Rex
309 2524 396 2596 pavet
419 2526 449 2577 et
471 2515 548 2595 volgi
570 2526 692 2595 pectora
714 2524 812 2577 terror
834 2514 941 2577 babet.

181 2605 235 2666 Cui
259 2605 313 2666 dea
337 2601 390 2665 ‘ne
414 2606 537 2665 nimium
560 2602 697 2665 terrere!
729 2602 837 2683 piabile
859 2604 972 2664 lulmen

113 2704 164 2754 290
223 2692 277 2753 Est
290 2688 313 2772 ‚'
337 2694 378 2753 ait
401 2687 448 2753 ‘et
471 2695 549 2753 saevi
570 2691 701 2752 flectitur
724 2695 768 2752 ira
790 2691 884 2752 lovis.

181 2779 239 2839 Sed
262 2786 404 2856 poterunt
426 2782 518 2842 ritum
540 2778 628 2841 Picus
650 2778 829 2858 Faunusque
852 2778 953 2857 piandi

224 2865 375 2946 Tradere,
398 2865 522 2928 Romani
544 2886 655 2929 numen
678 2874 838 2945 utrumque
863 2865 938 2927 soli.

179 2954 240 3015 Nec
265 2956 328 3014 sine
351 2956 379 3013 11
402 2954 541 3016 tradent:
574 2954 711 3016 adhibeto
733 2955 849 3016 vincula
873 2949 1002 3034 captis3'

223 3043 320 3121 Atque
343 3043 405 3122 ita,
429 3060 486 3120 qua
508 3045 645 3122 possint,
669 3041 768 3104 erudit
780 3090 789 3123 ,
812 3049 877 3104 arte
899 3044 982 3121 capi.

113 3143 164 3193 295
179 3129 278 3191 Lucus
301 3130 445 3190 Aventino
470 3129 591 3193 suberat
613 3132 697 3208 niger
720 3130 796 3192 ilicis
819 3128 943 3211 umbra,

223 3219 288 3290 Quo
311 3235 414 3297 posses
437 3220 500 3279 viso
523 3218 625 3280 dicere
648 3214 774 3279 ‘numen
797 3213 909 3279 inestl’

178 3305 212 3366 ln
235 3305 331 3366 medio
355 3323 497 3385 gramen,
521 3323 683 3385 muscoque
706 3305 847 3385 adoperta
870 3307 979 3367 virenti

222 3392 356 3454 Manabat
378 3412 447 3455 saxo
471 3411 545 3454 vena
567 3395 707 3473 perennis
730 3411 840 3472 aquae.

179 3479 250 3539 lnde
274 3480 336 3540 iere
360 3480 414 3542 soli
437 3480 556 3542 Faunus
578 3481 727 3559 Picusque
750 3480 909 3542 bibebant.
