2386 3892
998 185 1102 243 XXVII

88 374 196 431 aqaas.
252 351 794 414 correxisecundumFast.1286.
905 366 928 412 v
955 348 996 412 41
1026 353 1102 411 liber

92 446 207 520 Qacror
237 447 272 501 at
299 442 444 500 iatadam
474 445 526 499 tau
555 457 643 498 meras.
697 439 776 516 quod
802 440 936 516 sequitur
962 445 1023 508 sai,
1056 444 1103 500 est

89 530 306 608 possessivum,
324 531 360 586 ut
378 528 448 587 Met.
466 527 513 585 ΙΙΙ
531 529 605 603 435,
623 545 682 586 555
701 531 735 586 ut
752 528 838 588 Pont.
857 528 919 586 IIII
937 541 1013 587 vl111
1031 531 1102 588 100.

91 619 231 695 proximo
254 634 344 677 versu
368 615 459 689 thue
476 616 620 674 librorum
638 616 687 674 vix
706 618 759 689 est,
777 634 831 674 cur
848 619 990 675 mutetur.

93 720 173 767 v1111
192 703 235 766 21
255 705 400 763 h‘brorum
418 705 499 763 labor
516 706 675 776 minuitque
692 705 818 763 laborem
835 722 895 762 non
912 705 1010 762 risum
1028 704 1101 764 ferri

93 812 197 870 posse3
221 792 300 868 qued
322 791 436 867 scripsi,
458 790 668 867 suppeditabat
690 810 793 851 versus
811 792 972 867 proximus,
994 792 1026 849 in
1044 810 1101 866 quo

94 886 197 941 tamen
236 880 363 952 Oaraqae
398 897 450 939 sao
485 897 612 938 crescens
641 885 755 953 pectore
794 898 853 938 non
889 880 1101 956 intelligebam.

91 970 165 1028 dedi
187 986 326 1042 quassam
342 972 456 1040 pectas,
483 971 518 1026 ut
545 970 615 1025 sunt
641 972 768 1040 tempora
790 986 899 1041 quassa
920 967 1004 1026 Rem.
1031 969 1101 1042 146,

91 1063 218 1116 meatem
240 1056 447 1130 55511115οοί5
464 1055 585 1129 Pythias
607 1055 686 1131 apud
708 1055 875 1115 Horatium.
988 1051 1030 1115 26
1056 1073 1102 1114 ea-

86 1148 159 1220 ¹pr'cie'
181 1162 284 1204 euersas
306 1144 450 1201 librorum
472 1143 586 1202 mutavi
608 1143 689 1202 facili
711 1145 904 1202 correctione:
931 1145 1102 1203 litterarum

96 1252 131 1293 ea
157 1232 270 1291 lineola
292 1231 417 1304 directa,
444 1250 482 1289 ar
509 1231 639 1305 crispata
662 1236 707 1290 est
730 1232 942 1306 compendium.
997 1251 1101 1290 censor

95 1321 289 1380 Aristarchus
307 1319 406 1394 potuit
419 1319 577 1377 admonere
591 1336 697 1378 census
711 1319 822 1377 ordinis
836 1319 991 1394 equestris,
1014 1338 1102 1394 quem

95 1412 185 1484 poeta
204 1408 320 1468 subisse
339 1425 371 1465 se
390 1410 600 1466 commemorat
619 1406 709 1465 Trist.
727 1406 759 1464 II
779 1407 851 1464 542.
875 1408 996 1479 cupidas
1014 1425 1103 1478 eqaas

94 1498 220 1572 paulum
242 1495 386 1569 insolens3
409 1498 455 1553 est
477 1495 575 1552 minus
598 1494 677 1568 apud
699 1494 871 1553 Lucretium
894 1494 924 1551 ΙΙ
949 1496 1011 1553 265
1030 1512 1101 1567 pro·

94 1601 230 1658 racipere
253 1600 388 1656 eqaonaa
417 1583 482 1641 Vim
505 1584 646 1655 capidem.

185 1672 250 1730 Lib.
266 1670 329 1729 IIII
343 1683 370 1729 11
391 1666 430 1728 17
450 1673 482 1729 in
499 1671 586 1730 uadis
608 1669 800 1728 minus'bene
819 1671 949 1745 positum
967 1670 1098 1744 videtur3

95 1761 285 1835 temptabam
306 1760 426 1831 bialcas,
450 1757 529 1834 quod
552 1759 746 1832 expressisset
769 1757 882 1816 Statius
906 1758 998 1817 Theb.
1023 1770 1101 1816 vnn

95 1850 162 1907 450
185 1849 288 1906 hiulcas
309 1849 433 1918 tiaratae
455 1849 535 1905 ceals
561 1845 699 1919 Sapperc't.
754 1846 888 1920 proximo
912 1863 1000 1904 versu
1023 1846 1100 1904 Lae·

94 1953 185 2008 sapae
198 1935 345 1994 librorum
358 1934 480 1993 mutavi.
570 1946 607 1992 vl
622 1929 665 1992 34
682 1933 826 1991 librorum
845 1937 963 1993 tinctura
975 1951 1035 1991 non
1048 1932 1100 1990 ha·

97 2023 217 2097 bebam,
241 2041 299 2097 quo
322 2024 431 2080 tuerer.
544 2016 682 2080 VI11179
704 2024 852 2081 Troesmin
873 2021 1026 2095 inscriptio
1049 2020 1100 2077 ha·

88 2111 160 2185 bet,
192 2110 355 2185 publicata
377 2110 409 2167 in
439 2109 546 2168 Balla.
578 2111 608 2168 di
639 2112 758 2182 corrtsp.
791 2110 868 2168 arch.
897 2111 990 2167 1864.

95 2212 119 2257 x
141 2194 186 2257 42
208 2198 280 2256 libri
302 2198 344 2255 Et
365 2199 453 2256 sarrit
474 2200 550 2257 circs
572 2216 592 2256 a
608 2200 745 2270 propiore
768 2199 834 2255 loeo.
888 2198 960 2256 caeli
985 2212 1101 2261 morem,

95 2287 232 2345 Hadriae
252 2303 347 2344 mores
368 2285 480 2343 habent
499 2284 588 2360 Verg.
603 2283 655 2344 Ge.
669 2285 684 2341 I
699 2287 750 2360 51,
774 2284 849 2344 Stat.
864 2283 934 2343 Silv.
949 2283 996 2341 III
1010 2296 1036 2341 11
1051 2284 1101 2343 87.

184 2386 233 2433 xv
256 2368 300 2432 25
327 2372 397 2430 libri
419 2373 541 2432 Erroris
567 2390 648 2443 acra,
677 2372 755 2445 quod
781 2371 840 2430 nisi
863 2389 951 2446 aegre
974 2371 1102 2446 intelligi

95 2461 213 2536 nequit,
246 2479 426 2535 quamquam
456 2479 510 2518 nec
542 2458 684 2518 correctio
712 2459 866 2518 satisfacit.
969 2471 1030 2515 xvl
1061 2454 1101 2515 15

97 2549 206 2623 Qatqeae
228 2547 427 2608 Siaotroacera
449 2547 596 2623 Bergkius
620 2545 726 2621 Opuse.
748 2547 764 2605 Ι
784 2567 813 2621 p.
839 2546 911 2603 664.

183 2635 342 2695 Postremo
367 2654 421 2695 nec
448 2635 607 2695 Fastorum
639 2633 758 2711 quidem
790 2631 956 2691 emendatio
985 2631 1038 2690 illa
1066 2632 1101 2690 de

96 2724 254 2800 archetypi
275 2725 392 2800 paginis
416 2724 588 2801 quaestione
612 2722 803 2798 supersedere
826 2723 937 2796 potest,
966 2720 991 2779 si
1013 2721 1102 2779 inter-

95 2812 257 2887 polationis
289 2812 446 2872 diversitas
474 2811 737 2870 animadvertenda
764 2811 819 2870 est.
872 2809 1009 2868 cancellis
1034 2828 1101 2884 pro-

95 2901 207 2960 miscue
231 2899 267 2958 de
291 2901 429 2960 universa
453 2899 696 2976 significationem
718 2899 784 2958 feci.

184 2987 323 3046 Lacunae
349 2988 382 3046 in
408 2987 493 3046 libris
516 2990 618 3062 aperte
641 2987 741 3046 nullae
763 2986 892 3045 traditae
916 2987 996 3056 sunt,
1027 2983 1101 3041 indi-

96 3076 190 3150 cium,
218 3076 306 3150 quale
329 3074 361 3133 in
382 3075 478 3150 Ibide,
501 3094 592 3133 unum
614 3075 646 3133 in
668 3074 858 3151 quibusdam,
888 3073 1102 3146 supplementa,

95 3182 172 3238 quae
196 3163 270 3220 mihi
292 3163 457 3238 videantur,
482 3162 591 3221 similia
613 3162 762 3238 plerisque
780 3160 980 3232 Ponticorum,
1003 3159 1103 3218 minus

95 3251 227 3310 barbara
249 3269 339 3327 quam
362 3251 463 3310 Ibidis.
979 3314 982 3318 ,

185 3337 332 3413 Paginam
355 3338 510 3413 archetypi
528 3349 652 3396 xxxxll
677 3335 799 3394 desiisse
824 3332 960 3391 existimo
984 3332 1015 3392 in
1037 3354 1103 3393 ver-

95 3443 163 3484 sum
187 3425 219 3483 II
244 3428 306 3484 201
330 3426 386 3501 ita,
414 3429 449 3483 ut
471 3443 547 3483 unus
569 3427 642 3500 post,
662 3443 729 3480 eum
751 3423 939 3497 pentameter
961 3423 1103 3481 evanidus

94 3513 197 3574 fuerit.
253 3513 317 3573 eius
348 3531 452 3574 versus
486 3515 546 3571 201
581 3512 690 3586 duplex
720 3510 779 3568 fuit
815 3509 975 3584 scriptura,
1008 3510 1104 3566 altera
