2386 3892
435 174 469 224 IL
490 176 638 227 ssa-431.
996 173 1039 238 33

49 347 105 397 395
120 333 178 404 Qui
201 334 277 414 legis
299 334 437 397 Electran
461 344 491 397 et
515 346 650 415 egentem
674 341 780 399 mentis
804 338 958 418 Orestem,

120 423 255 501 Aegisthi
278 425 390 485 crimen
413 422 655 503 Tyndaridosque
678 425 768 504 legis.

119 510 198 572 Num
222 510 353 590 quidde
376 515 483 572 tetrico
505 514 633 572 releram
655 513 799 575 domitore
823 514 1012 597 Chimaerae,

121 599 217 670 Quem
240 598 300 659 icto
324 599 409 659 lallax
432 598 549 678 hospita
571 619 664 680 paene
688 599 792 662 dedit?

121 687 199 757 Quid
221 686 326 767 loquar
347 686 549 770 Hermionen,
576 690 647 767 quid
671 696 721 769 te,
755 689 915 751 Schoeneia
939 693 1039 771 virgo,

50 788 107 836 400
121 776 246 855 Teque,
269 775 427 854 Mycenaeo
450 775 584 836 Phoehas
607 786 701 837 amata
724 774 819 837 duci?

122 863 199 933 Quid
223 863 342 923 Danaen
364 864 536 942 Danaesque
560 884 668 926 nurum
693 874 875 944 matremque
899 865 986 945 Lyaei

122 945 332 1030 Haemonaque
356 961 386 1012 et
408 961 511 1013 noctes
534 956 584 1013 oui
606 956 703 1014 coiere
728 950 829 1014 darae?

122 1039 199 1110 Quid
218 1039 316 1100 Peliae
335 1058 497 1120 generum,
520 1041 589 1119 quid
604 1041 734 1121 Thesea,
755 1045 865 1121 quique
884 1041 1040 1121 Pelasgum

122 1127 240 1188 iliacam
264 1130 362 1206 tetigit
384 1129 420 1189 de
443 1136 507 1190 rate
530 1131 643 1208 prImus
666 1127 815 1190 humum?

52 1226 107 1275 405
122 1214 187 1275 lluo
210 1214 269 1276 lole
293 1216 458 1296 Pyrrhique
481 1235 611 1297 parens,
634 1218 692 1278 huc
716 1217 851 1278 Herculis
875 1237 967 1299 uxor,

122 1303 188 1363 Huc
211 1304 332 1365 accedat
354 1303 442 1384 Hylas
464 1305 629 1384 Iliacusque
652 1324 744 1384 puer.

122 1392 269 1470 Tempore
294 1392 412 1452 deiiciar
425 1438 434 1473 ,
458 1396 586 1471 tragicos
609 1395 634 1453 si
657 1409 819 1472 persequar
842 1395 943 1475 ignes,

122 1479 236 1558 Vixque
260 1497 344 1541 meus
367 1482 463 1559 capiet
486 1484 604 1541 nomina
628 1481 706 1541 nuda
728 1480 822 1541 iiber.

122 1567 176 1628 Est
199 1576 228 1627 et
251 1570 282 1628 in
305 1567 450 1628 obscenos
473 1569 586 1629 deiiera
610 1569 757 1648 tragoedia
781 1571 876 1650 risus,

55 1666 109 1716 410
123 1655 274 1734 Multaque
297 1659 451 1734 praeteriti
473 1656 561 1716 verha
585 1658 708 1736 pudoris
731 1657 837 1718 hahet.

123 1744 184 1803 Nec
207 1752 296 1804 nocet
318 1747 455 1825 auctori,
479 1745 595 1805 mollem
620 1748 670 1824 qui
694 1747 764 1806 iecit
786 1745 946 1825 Achillem,

123 1831 282 1910 lnlregisse
306 1834 369 1892 suis
391 1833 479 1893 iortia
501 1834 577 1893 sacta
600 1834 712 1894 modis.

123 1919 222 1980 lunxit
244 1920 389 1980 Aristides
412 1919 524 1980 illilesia
547 1923 669 1981 crimina
693 1939 812 2002 secum,

124 2008 232 2068 Pulsus
255 2008 400 2068 Aristides
423 2026 478 2068 000
502 2016 600 2069 tamen
624 2008 697 2070 urhe
722 2027 774 2071 sua
798 2017 859 2070 est.

62 2104 110 2152 415
124 2095 184 2156 Nec
208 2098 259 2174 qui
283 2096 441 2174 descripsit
464 2099 615 2175 corrumpi
638 2099 749 2158 semina
773 2107 916 2178 matrum,

124 2183 259 2264 Eubius,
282 2185 415 2261 impurae
439 2186 574 2246 conditor
597 2186 759 2266 historiae,

124 2271 184 2331 Nec
207 2273 259 2350 qui
283 2275 448 2350 composuit
471 2291 566 2352 nuper
590 2272 773 2353 Sybaritica,
798 2275 889 2352 iugit,

124 2359 184 2419 Neo
208 2362 260 2438 qui
284 2359 458 2421 concubitus
482 2379 542 2421 non
566 2369 685 2421 tacuere
710 2379 796 2421 suos.

126 2447 260 2526 Suntque
284 2465 318 2508 00
341 2448 496 2509 doctorum
519 2450 718 2509 monumentis
742 2449 818 2508 salva
841 2449 990 2526 virorum,

68 2542 112 2592 iio
125 2535 357 2614 Muneribusque
380 2537 489 2597 ducum
513 2536 629 2615 publica
653 2537 728 2595 iacta
751 2542 869 2614 patent.

125 2622 203 2685 Neve
226 2626 393 2702 peregrinis
416 2632 530 2686 tantum
554 2624 694 2684 deiendar
717 2622 753 2683 ab
777 2624 883 2683 armis:

125 2710 162 2772 Et
184 2711 335 2772 Romanus
358 2713 446 2773 hahet
469 2713 559 2773 merita
582 2715 681 2773 iocosa
704 2711 796 2773 liber.

124 2798 221 2878 thue
245 2818 299 2860 suo
323 2799 446 2862 illartem
469 2803 577 2861 cecinit
599 2803 696 2879 gravis
719 2800 832 2862 Ennius
856 2819 925 2880 ore,

124 2886 239 2948 Ennius
261 2890 380 2967 iugenio
404 2891 570 2969 maximus,
594 2897 657 2952 arte
681 2889 782 2970 rudis,

68 2980 111 3032 400
124 2974 258 3054 Explicat
281 2984 315 3036 ut
338 2994 441 3036 causas
464 2978 558 3054 rapidi
581 2975 738 3038 Lucretius
762 2979 856 3057 ignis,

125 3063 329 3143 Casurumque
353 3063 460 3143 triplex
482 3067 657 3126 vaticinatur
680 3084 773 3144 opus,

125 3150 173 3211 Sic
196 3170 250 3212 sua
272 3153 380 3212 lascivo
404 3160 517 3213 cantata
541 3162 586 3214 est
609 3171 696 3232 saepe
720 3151 833 3212 Catullo

125 3238 266 3320 Femina,
290 3241 338 3300 cui
361 3238 467 3300 laisum
489 3239 593 3301 Lesbia
617 3258 725 3301 nomeu
749 3247 829 3316 erat3

124 3327 184 3387 Nec
208 3335 366 3389 contentus
391 3345 424 3387 ea
447 3327 555 3388 multos
579 3327 705 3405 vulgavit
728 3341 861 3404 amores,

62 3413 156 3474 4301n
181 3415 289 3494 quibus
312 3418 376 3494 ipse
400 3433 487 3476 suum
510 3417 606 3476 lassus
629 3413 806 3473 adulterium
831 3420 894 3474 est,

123 3502 181 3562 Par
203 3504 261 3564 suit
284 3505 382 3582 exigui
406 3503 568 3582 similisque
591 3502 710 3561 licentia
733 3498 829 3584 Calvi,

91 3607 170 3653 orm.
198 3612 242 3654 111.
866 3605 881 3652 3
