2386 3892
473 184 508 234 11.
529 185 676 236 tro—843.
1011 180 1076 247 257

161 345 261 426 Quid,
284 346 400 425 victor,
423 340 563 424 gaudes?
594 344 667 406 haee
691 353 720 407 te
743 345 866 408 victoria
887 346 1009 426 perdel.

204 432 270 494 Heu
294 441 404 512 quanto
427 435 528 512 regnis
550 450 609 494 nox
632 434 716 495 stetit
737 450 796 495 una
818 433 895 496 tuisl

160 521 279 599 lamque
303 527 367 581 erat
389 528 455 582 orta
476 520 562 582 dies.
603 523 698 601 passis
721 522 804 583 sedet
826 520 874 583 illa
897 520 1026 603 capillis,

208 608 247 670 Ut
269 608 344 669 solet
367 609 402 670 ad
426 611 489 670 nali
511 618 605 670 mater
627 611 706 671 itura
729 627 852 688 rogumt

92 710 146 760 815
161 696 424 776 Grandaevumque
445 704 561 776 patrem
583 696 642 757 iido
666 715 733 759 eum
757 699 882 776 coniuge
905 699 1010 760 castris

204 783 336 846 Evocat.
378 793 408 846 et
430 786 526 864 posita
548 786 629 845 venit
650 792 777 864 uterque
800 803 900 848 mora.

160 872 257 951 thue
280 872 380 933 vident
402 871 557 953 habitum,
580 889 656 952 quae
679 872 778 935 luctus
800 890 911 952 cause,

858 961 1032 1040 requirunt,

205 1048 259 1109 Cui
282 1056 366 1127 paret
389 1050 550 1128 exequias,
573 1065 668 1127 quove
691 1049 730 1110 sit
752 1050 811 1110 ieta
834 1044 940 1110 malo?

161 1135 212 1195 lila
235 1135 286 1196 diu
309 1137 417 1197 reticet
429 1183 438 1216 ,
460 1133 691 1215 pudibundaque
715 1136 791 1197 celat
812 1138 922 1198 amictu

93 1235 146 1285 820
206 1223 285 1283 Ora:
317 1224 415 1285 ssuurni
437 1223 573 1284 lacrimae
597 1241 679 1284 more
702 1226 841 1303 perennis
865 1241 974 1303 aquae.

161 1308 236 1372 Hinc
258 1319 365 1394 paler,
387 1311 457 1372 hinc
480 1313 610 1373 coniunx
632 1310 768 1372 lacrimas
791 1310 945 1393 solantur,
968 1319 999 1373 et

931 1407 1033 1479 orani,

204 1485 317 1547 iudicet
329 1531 338 1567 ,
362 1494 392 1548 et
415 1504 502 1548 caeco
525 1486 657 1566 flentque
679 1495 844 1568 paventque
867 1493 965 1549 metu.

161 1572 220 1634 Ter
243 1583 346 1635 conata
368 1574 449 1654 loqui
472 1582 518 1636 ter
541 1574 676 1636 destitit:
707 1593 837 1655 ausaque
860 1580 1001 1654 quarto,

205 1660 271 1723 Non
294 1661 396 1723 oculos
418 1663 485 1724 ideo
509 1662 630 1724 sustulit
650 1661 699 1724 illa
722 1680 807 1726 suos.

93 1760 146 1810 825
162 1744 241 1809 ‘Hoc
265 1768 382 1829 quoque
405 1749 566 1829 Tarquinio
590 1747 794 1814 debebimus?
821 1751 943 1830 eloquar
955 1745 980 1832 ,’

918 1839 1031 1919 lnquit,

206 1919 350 2004 ‘Eloquar
372 1926 474 1988 infelix
497 1926 627 1988 dedecus
648 1928 713 2007 ipsa
735 1920 875 1989 meum?’

162 2011 302 2091 Quaeque
325 2022 446 2096 potest,
468 2023 590 2076 narrat.
631 2013 782 2077 restabant
804 2014 924 2077 ultima:
955 2012 1053 2095 flevit,

204 2099 243 2160 Et
265 2101 443 2162 matronales
466 2101 613 2164 erubuere
636 2120 747 2181 genae.

161 2187 237 2248 bant
259 2191 377 2258 veniam,
396 2190 473 2250 lacto
496 2192 612 2269 genitor
635 2193 823 2269 coniunxque
845 2197 980 2252 coactae:

94 2288 146 2339 830
207 2271 332 2345 ‘Quam'
355 2276 429 2339 dixit
451 2272 581 2340 ‘veniam
603 2295 657 2338 vos
679 2278 777 2358 datis,
799 2280 863 2356 ipsa
884 2273 993 2357 nego?

161 2363 222 2424 Neo
246 2381 350 2446 mora,
373 2364 466 2426 celato
489 2366 553 2427 lixit
574 2383 627 2427 sua
649 2373 770 2445 pectora
793 2365 891 2444 lerro,

205 2451 243 2512 iit
266 2452 344 2513 cadit
365 2454 397 2515 iu
419 2455 532 2533 patrios
554 2452 780 2533 sanguinulenta
801 2450 910 2531 pedes.
934 2469 937 2474 ·

160 2537 245 2600 Tunc
269 2557 409 2620 quoque,
431 2542 489 2602 iam
512 2543 665 2623 morlens,
686 2559 724 2602 ne
748 2557 807 2601 non
830 2535 1005 2618 procumbat

705 2628 847 2708 honeste,

206 2713 358 2794 Respicit.
398 2715 472 2777 haee
495 2718 582 2779 etlam
606 2733 678 2778 eura
700 2714 833 2778 cadentis
856 2721 937 2777 erat.

93 2813 146 2865 835
161 2800 238 2863 Ecce
262 2820 352 2883 super
374 2820 483 2884 corpus
495 2852 504 2884 ,
528 2806 694 2866 communia
716 2802 822 2865 damna
844 2811 1013 2885 gementes,

206 2890 296 2951 Obliti
319 2890 457 2972 decoris,
478 2893 582 2971 virque
605 2899 749 2973 paterque
771 2893 885 2955 iacent.

160 2977 271 3038 Brutus
294 2978 399 3060 adest,
421 2978 598 3058 tandemque
621 2982 719 3043 animo
742 2997 796 3042 sua
817 2981 936 3041 nomina
958 2976 1049 3056 tallia,

205 3065 334 3145 Fixaque
357 3068 521 3128 semianimi
542 3085 667 3148 corpore
689 3068 747 3130 tela
769 3068 864 3146 repit,

162 3152 386 3234 Stillantemque
410 3163 515 3216 tenens
537 3173 682 3234 generoso
705 3155 847 3232 sanguine
871 3149 999 3213 cultrum

95 3253 146 3302 840
205 3240 305 3303 Edidit
327 3242 489 3323 impavidos
512 3259 563 3303 ore
586 3245 715 3303 minante
739 3256 846 3303 sonos:

161 3322 235 3389 ‘Per
258 3329 312 3391 tibi
334 3347 389 3408 ego
408 3329 486 3392 hunc
509 3331 575 3390 iuro
597 3328 705 3389 fortem
723 3335 897 3405 castumque
920 3342 1070 3408 cruorem,

205 3416 321 3496 Perque
345 3425 412 3478 tuos
434 3433 536 3478 manes
548 3461 557 3496 ,
581 3419 632 3495 qui
654 3414 727 3477 milri
748 3431 859 3476 numen
882 3423 990 3496 eruut,

161 3504 354 3583 Tarquinium
377 3504 500 3583 profuga
522 3520 633 3581 poenas
656 3520 723 3567 curn
746 3504 840 3585 stirpe
861 3501 1017 3567 daturum.

126 3611 208 3655 ovm.
231 3611 275 3653 111.
884 3606 917 3661 it
