2386 3892
139 179 202 242 180
546 179 596 229 ux
613 177 733 230 rouro

177 357 211 405 35
226 342 326 403 Redde
350 344 467 421 vicena,
490 360 545 402 nec
568 360 635 403 rara
660 343 704 402 tui
726 343 907 402 monimenta
930 341 1041 403 laboris

269 432 423 510 decipiant
447 438 588 510 nostrae,
611 437 693 509 grata
716 431 838 510 lutura,
861 447 982 491 manus.

226 519 278 580 llic
303 528 423 599 tamen,
447 537 464 578 o
489 521 602 579 iuvenis
627 517 793 579 studiorum
817 517 903 597 plene
928 536 1083 600 meorum,

271 606 385 686 Ecquid
410 606 446 668 ab
469 606 515 667 his
539 609 612 686 ipsis
636 607 811 692 admoneare
835 608 911 667 mei.

226 695 364 777 Ecquid,
394 695 446 756 ubi
473 702 524 756 aut
552 696 661 756 recitas
689 695 799 755 lactum
826 693 914 754 modo
942 713 1065 756 carmen

775 785 895 864 amieis,

177 885 212 933 40
270 873 352 950 Aut,
376 871 455 952 quod
479 890 567 951 saepe
591 871 668 932 soles
681 917 690 950 ,
715 873 807 950 exigis
829 878 864 931 ut
886 874 1032 952 recitent,

228 959 385 1040 Quaeres,
412 969 446 1021 ut
473 958 623 1020 interdum
651 961 700 1039 pia
727 977 834 1038 mens,
860 958 951 1020 oblita
979 959 1050 1039 quid

776 1046 870 1125 absit,
1104 1061 1145 1110 teet

269 1136 376 1197 Nescio
401 1135 472 1216 quid
496 1143 578 1196 certe
601 1137 691 1195 sentit
714 1134 819 1196 abesse
841 1131 917 1196 sui?

226 1223 300 1285 Utve
324 1224 405 1304 loqui
428 1223 554 1284 multum
578 1222 614 1284 de
638 1241 685 1284 me
708 1231 866 1302 praesente
889 1221 1024 1306 solebas,

270 1312 356 1373 Nunc
381 1330 499 1391 quiaque
522 1311 648 1372 Nasonis
671 1329 778 1372 nomen
803 1314 834 1371 in
858 1329 910 1372 ore
934 1323 986 1373 tuo
1010 1307 1081 1373 est?
1136 1308 1142 1324 '

179 1414 212 1462 45
228 1401 293 1481 lpse
318 1401 437 1481 quidem
461 1400 563 1461 Getioo
587 1417 707 1480 perearn
731 1400 856 1460 violatus
880 1399 916 1460 ab
939 1418 1031 1481 arou,
1050 1433 1082 1443 —

271 1489 309 1550 Et
332 1493 371 1550 sit
393 1491 508 1570 periuri
532 1507 620 1568 quam
643 1506 736 1568 prope
759 1505 872 1568 poena,
895 1487 979 1549 vides
999 1521 1032 1532 -

227 1576 269 1637 Te
293 1580 351 1637 nisi
375 1579 532 1637 momentis
556 1576 640 1637 video
664 1586 757 1655 paene
782 1576 919 1637 omnibus
942 1576 1068 1639 absens.

271 1664 371 1725 Gratia
394 1665 457 1744 dis,
481 1667 573 1725 menti
598 1663 730 1743 quolibet
752 1666 796 1724 ire
820 1663 904 1726 lieet.

227 1752 287 1813 Hac
311 1752 363 1813 ubi
386 1755 530 1831 perveni,
554 1752 627 1812 nulli
650 1752 817 1813 cernendus
830 1799 840 1832 ,
862 1754 893 1812 in
916 1750 1046 1832 Urbem,

179 1854 212 1902 50
273 1841 366 1920 Saepe
389 1840 495 1919 loquor
519 1850 640 1922 tecum,
664 1858 751 1920 saepe
774 1840 914 1918 loquente
938 1841 1041 1902 fruor.

227 1929 304 1990 Turn
328 1929 422 2008 mibi,
446 1928 565 1989 difficile
589 1939 656 2008 est,
680 1947 768 2008 quam
792 1930 831 1988 sit
852 1927 952 2009 bene,
976 1928 1094 2010 dicero,

387 2035 389 2039 ·
775 2034 922 2096 quamque

272 2103 401 2165 Candida
424 2103 541 2165 iudiciis
564 2104 612 2164 illa
636 2105 675 2165 sit
697 2103 770 2165 hora
793 2106 884 2165 meiS.

226 2193 307 2254 Turn
327 2211 396 2271 me,
420 2194 504 2271 siqua
527 2191 622 2272 fides,
646 2192 767 2253 caelesti
790 2191 860 2253 sede
883 2202 1039 2274 receptum

272 2282 346 2342 Cum
370 2282 528 2341 fortunatis
553 2282 688 2361 suspicor
712 2298 777 2340 esse
801 2279 883 2342 deis,

178 2383 211 2431 55
227 2370 342 2431 Rursus
365 2369 417 2430 ubi
440 2369 498 2431 huc
522 2369 597 2429 redii
610 2416 619 2449 ,
647 2367 761 2429 eaelum
785 2386 969 2448 superosque
992 2368 1143 2450 relinquo,

269 2459 294 2520 A
318 2457 406 2537 Styge
431 2476 485 2519 nee
510 2457 596 2535 longe
620 2456 742 2517 Pontica
766 2455 856 2518 distat
877 2456 1004 2518 humus.

227 2546 311 2607 Unde
336 2565 390 2625 ego
414 2548 439 2606 si
464 2547 522 2606 lato
546 2547 625 2606 nitor
648 2543 827 2624 prohibente
850 2547 978 2624 reverti,

272 2635 361 2714 Spem
385 2636 449 2695 sine
472 2634 631 2714 prosectu,
655 2632 802 2709 Maxime,
825 2631 895 2694 tolle
919 2633 1009 2696 mihi.

609 2825 669 2900 Vl.

227 2986 305 3046 Naso
331 3003 407 3064 suo,
430 2986 530 3063 posuit
553 3003 661 3057 nomen
684 2987 734 3045 oui
757 3003 873 3067 paene,
896 2985 990 3047 sodali

271 3075 362 3135 Mittit
385 3072 421 3133 ab
444 3072 568 3134 Euxinis
591 3073 648 3133 boe
671 3072 761 3134 breve
785 3091 904 3134 carmen
928 3076 1029 3154 aquis.

227 3164 263 3224 At
288 3165 314 3224 si
338 3171 422 3224 cauta
445 3180 550 3241 parum
574 3163 745 3241 scripsisset
767 3161 892 3243 dextra,
915 3166 983 3242 quis
1006 3179 1101 3240 esses,

273 3250 410 3311 Forsitan
435 3251 532 3310 ollioio
556 3260 640 3328 parta
665 3249 794 3329 querella
818 3251 925 3329 louet„

199 3338 289 3398 5Cur
313 3347 434 3420 tamen,
452 3331 515 3398 'hoo
539 3338 602 3398 aliis
625 3345 724 3398 tutum
746 3338 961 3421 erodentibus,
984 3357 1076 3419 unus,
1098 3345 1132 3400 (en

272 3426 429 3504 Appellent
450 3444 488 3487 ne
513 3435 542 3486 te
566 3427 695 3486 earmina
718 3434 837 3509 nostra,
861 3425 976 3507 rogas?

230 3512 345 3583 Quanta
369 3516 459 3574 sitin
485 3513 580 3575 inedia
604 3513 760 3575 elementia
782 3513 917 3593 Caesaris
939 3519 1003 3598 ira,
