2386 3892
160 187 203 250 42
582 185 752 236 'enisurum

201 365 234 414 25
249 351 328 430 Ergo
352 368 405 429 ego
430 367 495 410 sum
519 349 627 410 dubius
650 352 749 430 vitae,
771 357 804 409 tu
828 348 952 409 forsitan
976 351 1045 410 istic

249 439 413 500 Iucundum
437 441 533 497 nostri
556 439 656 498 nescia
680 446 796 515 tempus
820 433 907 514 agis?

249 527 315 587 Non
338 529 421 606 agis,
445 527 590 587 adfirmo.
627 525 721 604 liquet
743 526 821 604 hoc,
845 527 1019 605 carissima,
1043 526 1146 607 nobis,

249 615 379 694 Tempus
402 617 448 692 agi
472 617 535 675 sine
559 632 606 675 me
630 632 689 674 non
713 616 771 673 nisi
794 615 879 673 triste
903 612 976 675 tibi.

250 703 281 763 Si
304 711 402 763 tamen
425 703 548 781 inplevit
571 719 635 762 mea
659 720 746 780 sors,
771 719 845 780 quos
869 701 994 782 debuit,
1018 720 1129 785 annos,

202 805 236 852 30
252 791 289 851 Et
311 791 383 850 milri
407 790 522 851 vivendi
546 798 605 851 tam
629 792 688 850 cito
712 791 778 849 finis
802 789 903 870 adest,
978 791 980 796 '

250 880 398 950 Quantum
422 887 485 939 erat
498 926 507 959 ,
531 897 547 938 o
571 881 691 957 magni,
713 880 859 938 morituro
882 896 1028 960 parcere,
1052 879 1129 961 divi,

248 967 287 1026 Ut
310 967 412 1027 saltem
436 970 529 1045 patria
553 966 773 1026 contumularer
796 963 912 1027 humo?

250 1052 302 1113 Vel
325 1072 419 1133 poena
442 1057 472 1114 in
496 1063 613 1133 tempus
636 1056 740 1115 mortis
764 1054 852 1114 dilata
877 1055 1000 1137 luisset,

248 1141 300 1201 Vel
323 1145 523 1221 praecepisset
545 1160 626 1202 mors
650 1151 806 1221 properata
830 1143 946 1221 lugam.

201 1230 367 1307 351nteger
390 1231 464 1290 hanc
487 1233 571 1309 potui
595 1249 690 1309 nuper
712 1231 787 1290 bene
812 1230 936 1291 reddere
960 1230 1076 1314 lucem3

248 1318 324 1378 Exul
347 1326 381 1378 ut
404 1318 593 1400 occiderem,
616 1337 695 1378 nunc
719 1318 792 1378 mihi
815 1320 872 1378 vita
896 1319 962 1378 data
986 1329 1048 1380 est.

229 1406 320 1481 ‚Tam
342 1407 447 1484 procul
469 1409 579 1484 ignotis
602 1408 693 1484 igitur
716 1408 878 1466 moriemur
901 1409 932 1466 in
956 1410 1034 1490 oris,

248 1495 285 1555 Et
308 1495 381 1554 ssent
403 1497 467 1574 ipso
490 1497 586 1555 tristia
609 1494 669 1554 lata
691 1493 774 1575 loco;

247 1583 308 1641 Nec
331 1599 396 1641 mea
419 1591 561 1642 consueto
585 1581 777 1660 languescent
800 1599 924 1660 corpora
947 1582 1042 1664 lecto,

199 1682 233 1730 40
249 1669 419 1748 Depositum
443 1688 498 1729 nec
522 1688 568 1729 me
593 1673 645 1749 qui
667 1671 756 1750 ileat,
778 1670 857 1730 nllus
880 1672 955 1752 erit3

248 1757 308 1817 Nec
332 1757 466 1818 dominae
490 1757 619 1818 lacrimis
642 1760 672 1818 in
697 1768 797 1818 nostra
821 1757 995 1819 cadentibus
1018 1778 1072 1821 ora

247 1845 395 1906 Accedent
418 1847 531 1905 animae
554 1853 687 1924 tempora
710 1865 798 1925 parva
821 1865 923 1927 meae3

247 1932 307 1992 Nec
331 1933 465 1993 mandata
488 1933 584 2013 dabo,
608 1953 663 1995 nec
687 1953 754 1995 cum
778 1933 906 1995 clamore
929 1952 1071 2014 supremo

246 2019 392 2080 babentes
416 2019 518 2082 oculos
541 2021 649 2082 condet
672 2025 764 2083 amica
788 2040 908 2103 manus,

199 2121 232 2168 45
249 2108 306 2168 Sed
330 2111 393 2169 sine
417 2109 572 2171 funeribus
596 2118 684 2189 caput
707 2111 786 2190 hoc,
812 2113 876 2171 sine
899 2110 1013 2172 honore
1037 2113 1160 2193 sepulcri

246 2195 465 2275 Indeploratum
488 2197 611 2257 barbara
634 2209 714 2258 terra
737 2197 834 2277 tegetl

247 2284 384 2365 Ecquid,
407 2285 459 2346 ubi
482 2286 634 2367 audieris,
657 2294 718 2347 tota
741 2286 900 2347 turbabere
924 2295 1040 2368 mente,

246 2372 284 2433 Et
308 2374 396 2434 series
419 2374 521 2452 pavida
544 2381 664 2453 pectora
687 2374 745 2435 fida
768 2371 883 2435 mann?

245 2460 381 2542 Ecquid,
409 2463 440 2522 in
464 2461 516 2522 has
540 2463 650 2522 trustra
673 2462 799 2524 tendens
826 2471 877 2524 tua
904 2463 1025 2545 brachia
1048 2473 1154 2545 partes,

199 2561 231 2609 50
246 2549 389 2610 Clamabis
414 2552 515 2610 miseri
538 2568 645 2611 nomen
670 2553 757 2611 inane
780 2548 864 2611 viri?

246 2637 338 2698 Parce
360 2647 460 2698 tamen
483 2637 613 2697 lacerare
637 2657 749 2719 genas,
773 2657 829 2699 nec
852 2639 954 2699 scinde
978 2640 1112 2720 capillos:

245 2724 309 2784 Non
334 2724 388 2785 tibi
411 2744 490 2785 nunc
514 2728 665 2806 primum,
688 2727 738 2787 lux
762 2744 848 2807 mea,
871 2737 975 2806 raptus
997 2746 1067 2790 ero.

246 2811 319 2871 Cum
342 2814 466 2891 patriam
491 2815 575 2873 amisi
588 2860 597 2895 ,
619 2823 692 2876 tunc
716 2833 763 2876 me
786 2817 910 2893 periisse
934 2824 1055 2895 putato.

245 2898 283 2959 Et
305 2901 388 2978 prior
412 2908 442 2960 et
465 2903 580 2979 gravior
603 2920 683 2963 mors
707 2903 762 2964 luit
786 2903 833 2963 illa
856 2903 947 2963 mihi.

198 2999 230 3047 55
246 2987 352 3068 Nunc,
385 2989 411 3047 si
443 2988 519 3049 sorte
551 2997 657 3069 potes,
681 3023 720 3033 -
755 2990 806 3051 sed
834 3009 893 3051 non
921 3000 1025 3074 potes,
1054 2994 1151 3072 optima

623 3097 751 3138 coniunx
769 3111 811 3121 —-

244 3163 350 3224 Finitis
374 3165 467 3242 gaiide
492 3172 535 3226 tot
558 3167 629 3226 milri
653 3176 748 3227 morte
772 3167 872 3228 malis.

245 3250 329 3322 Quod
353 3259 460 3332 potes,
485 3261 611 3314 extenua
634 3254 703 3314 lorti
728 3255 801 3315 mala
825 3255 914 3315 corde
939 3254 1077 3335 serendo,

244 3337 286 3398 bd
311 3357 386 3417 quae
410 3343 467 3399 iam
490 3341 605 3419 pridem
629 3360 688 3401 non
712 3342 786 3402 rude
809 3351 915 3421 pectus
938 3342 1046 3405 habes.

244 3425 339 3502 Atque
362 3430 474 3487 iitinam
498 3438 621 3506 pereant
645 3432 757 3490 animae
786 3449 853 3490 cum
877 3449 1004 3511 corpore
1025 3438 1147 3504 nostrae,

196 3525 229 3572 oo
244 3511 430 3591 Eliugiatque
454 3516 553 3576 avidos
576 3535 645 3596 pars
669 3518 742 3578 mihi
765 3519 844 3579 nulla
868 3537 975 3598 rogos.
