2386 3892
422 174 467 232 Ν.
486 185 507 224 x
522 175 638 225 ott-xm
656 176 695 226 18.

185 336 315 415 Coniuge
340 335 476 396 crudeles
499 353 558 395 non
581 335 712 397 habuere
736 336 834 398 nefas.

140 425 246 485 Nuntia
271 442 337 484 nam
360 424 458 484 luctus
480 423 552 483 mibi
575 442 671 503 nuper
693 424 819 502 epistula
841 427 939 506 venit3

93 527 125 575 10
185 513 332 590 Lectaque
356 530 424 572 cum
447 512 575 572 lacrimis
599 520 669 572 sunt
691 521 741 573 tua
765 512 869 574 damna
892 517 983 575 meis.

141 601 197 662 Sed
222 618 318 678 neque
342 599 430 660 solari
453 600 629 678 prudentem
653 600 771 661 stultior
793 604 904 683 ausim,

184 689 336 766 Verbaque
362 688 516 748 doctorum
540 697 608 748 nota
631 689 744 749 referre
767 688 838 750 tibi:

140 777 329 854 Finitumque
353 785 437 835 tuum
450 822 458 854 ‚
483 778 508 835 si
531 794 590 835 non
614 778 750 856 ratione,
772 776 904 836 dolorem

184 866 249 944 lpsa
272 867 329 923 iam
353 863 467 941 pridem
492 867 627 940 suspicor
651 881 715 924 esse
736 882 838 937 mora.

93 953 215 1014 rollum
238 960 288 1012 tua
311 953 467 1031 pervenit,
490 952 561 1010 dum
584 951 682 1012 littera
705 961 806 1012 nostra
829 969 988 1014 recurrens

184 1040 240 1100 Tot
263 1043 353 1098 maria
377 1057 410 1098 ac
434 1046 529 1098 terras
552 1048 683 1118 permeat
696 1088 704 1120 ,
729 1058 822 1101 annus
846 1040 923 1102 abit.

140 1128 293 1206 Temporis
317 1128 447 1187 cilicium
471 1137 515 1186 est
539 1128 644 1187 solacia
668 1128 767 1188 dicere
791 1132 881 1210 certi,

184 1216 260 1276 Dum
284 1215 367 1274 dolor
389 1218 420 1274 in
443 1233 534 1275 curso
559 1223 604 1275 est
627 1225 656 1274 et
679 1218 752 1293 petit
775 1234 863 1294 aeger
885 1234 989 1295 opem.

141 1305 177 1364 at
200 1322 267 1363 cum
291 1302 377 1381 longa
400 1302 463 1363 dies
486 1302 598 1362 sedavit
619 1302 741 1363 uulnera
763 1307 889 1384 mentis,
935 1324 941 1332 ·

92 1405 126 1451 20
184 1391 391 1468 Intempestive
416 1393 467 1468 qui
490 1399 587 1450 movet
609 1390 679 1469 illa,
703 1399 806 1451 novat.

141 1479 220 1539 Adde
244 1478 322 1556 quod
341 1511 377 1522 -
395 1487 482 1557 atque
505 1481 617 1539 retinam
640 1495 742 1538 verum
766 1477 839 1539 mibi
861 1481 975 1541 venerit

686 1565 790 1627 omen!
808 1599 843 1613 -
996 1581 1054 1633 (res)

184 1655 326 1733 Coniugio
350 1654 419 1715 ielis
442 1657 500 1715 iam
523 1662 608 1733 potes
631 1671 696 1714 esse
720 1672 813 1715 novo.
1047 1642 1062 1664 '

512 1846 591 1920 XII.

140 2005 203 2075 Quo
227 2008 326 2066 minus
348 2009 378 2066 in
402 2007 512 2067 nostris
534 2009 675 2085 ponaris,
699 2007 814 2086 antioc,
836 2006 961 2088 libellis,

184 2094 316 2155 Nominis
340 2095 466 2155 ellicitur
490 2095 662 2154 condicione
687 2097 746 2156 tul.

140 2181 193 2242 Ast
215 2201 268 2261 ego
291 2201 351 2242 non
375 2182 461 2242 alium
486 2184 569 2260 prius
591 2180 648 2242 boc
671 2182 809 2261 dignarer
830 2183 960 2264 bonore,

183 2270 237 2329 Est
261 2269 365 2349 aliquis
389 2278 523 2330 nostrum
547 2268 682 2328 simodo
705 2288 824 2330 carmen
848 2270 959 2331 honor.

110 2357 199 2417 oLex
222 2357 305 2436 pedis
329 2358 425 2417 officio
449 2358 626 2434 fortunaque
649 2359 776 2415 nominis
798 2355 912 2437 obstat,

184 2446 306 2524 Quaque
330 2464 412 2506 meos
435 2446 544 2525 adeas,
567 2452 613 2504 est
635 2445 680 2504 via
704 2441 804 2520 nulla,
827 2443 947 2503 modos.

139 2532 212 2592 Nam
236 2533 328 2611 pudet
350 2536 381 2593 in
405 2535 537 2610 geminos
560 2534 600 2593 ita
624 2549 731 2592 nomen
755 2530 890 2590 scindere
913 2548 1035 2612 versus,

184 2620 303 2681 Desinat
325 2629 359 2681 ut
381 2623 463 2700 prior
486 2620 542 2680 hoc
555 2667 564 2699 ‚
587 2621 768 2698 incipiatque
791 2620 904 2679 minor.

138 2707 176 2768 Et
198 2709 328 2788 pudeat,
352 2711 377 2767 si
400 2716 452 2787 te,
475 2726 533 2786 qua
556 2707 663 2786 syllaba
686 2714 769 2785 parte
794 2714 943 2790 moratur,

92 2806 124 2855 10
182 2795 284 2855 Artius
307 2795 450 2875 adpellem
473 2796 708 2873 Tuticanumque
731 2812 851 2858 uocemc

138 2882 199 2943 Nec
222 2891 307 2960 potes
330 2885 360 2944 in
384 2902 501 2944 uersum
525 2884 662 2943 Tuticani
684 2901 766 2944 more
789 2886 907 2964 venire,

182 2970 249 3031 Fiat
271 2979 304 3031 ut
327 2990 343 3031 e
367 2971 453 3050 longa
476 2971 585 3050 syllaba
607 2974 702 3050 prima
724 2972 841 3034 brevis:

139 3060 196 3118 Aut
219 3060 422 3140 producatur,
446 3078 521 3138 quae
544 3077 624 3119 nunc
647 3064 813 3139 correptius
835 3060 913 3137 exit,

182 3145 219 3206 Et
242 3150 282 3206 sit
304 3155 441 3225 porrecta
464 3146 549 3225 longa
571 3148 702 3208 secunda
724 3165 823 3207 mora.

92 3244 123 3291 15
138 3233 190 3293 His
215 3253 269 3312 ego
292 3238 318 3295 si
342 3236 420 3294 vitiis
443 3237 539 3295 ausim
563 3251 754 3310 corrumpere
778 3248 903 3310 nomen,

182 3321 290 3381 Ridear
314 3330 344 3382 et
367 3324 472 3382 merito
496 3330 601 3399 pectus
624 3320 732 3380 babere
756 3336 863 3394 neger.

137 3407 216 3468 Haeo
239 3410 311 3469 mibi
335 3428 422 3469 causa
445 3409 501 3469 luit
525 3408 607 3468 dilati
629 3408 761 3466 muueris
783 3404 890 3478 liuius,

183 3496 268 3565 Quod
292 3515 376 3557 meus
399 3496 513 3556 adiecto
536 3495 638 3555 fenore
661 3492 766 3553 reddet
788 3510 887 3574 amor,
