2386 3892
92 178 154 241 100
507 180 676 232 TRISTIUM

177 342 284 403 Libera
306 352 453 405 tormento
478 361 546 421 pars
569 343 701 403 mihine
725 361 783 423 qua
805 353 907 425 vacet,

148 430 294 508 oPcrque
318 432 380 491 dies
403 431 512 491 multos
535 430 636 491 lateris
660 430 840 492 cruciatibus
863 450 954 515 uror,

179 518 239 579 Seu
262 537 309 578 me
332 537 392 579 non
414 519 530 579 modico
554 519 665 597 frigore
688 518 773 580 laesit
795 518 909 580 hiems.

180 605 212 665 Si
235 614 332 667 tamen
354 609 418 686 ipse
442 607 542 687 vales,
565 604 661 684 aliqua
684 624 740 667 uos
762 615 846 686 parte
869 607 1017 670 valemus:

179 693 294 773 Quippe
318 713 383 755 mea
406 703 451 754 est
475 697 586 755 umeris
609 694 683 755 fulta
705 696 792 755 ruina
815 697 897 776 tuis,

180 781 238 852 Qui
250 829 260 862 ,
284 783 355 843 mihi
378 801 447 843 cum
469 781 588 842 dederis
610 784 741 860 ingentia
763 784 888 861 pignora
910 801 1036 863 cumque

132 882 164 930 10
179 869 237 929 Per
259 888 401 931 numeros
424 887 527 955 omnes
550 869 732 930 boc-tueare
756 878 862 951 caput,

180 956 265 1026 Quod
288 967 338 1019 tua
361 977 408 1019 me
432 976 499 1019 raro
524 956 635 1019 solatur
658 957 800 1037 epistola,
822 975 946 1037 peccas.

180 1044 292 1113 Remne
316 1049 394 1127 piam
415 1054 570 1127 praestas,
594 1048 620 1106 si
642 1045 715 1105 mihi
737 1045 827 1106 verba
850 1043 967 1125 negas?

179 1132 265 1214 lloc,
287 1152 416 1214 precor,
439 1130 584 1195 emenda!
621 1132 700 1212 quod
724 1135 750 1193 si
772 1135 940 1195 correxeris
963 1152 1072 1214 unum,

180 1219 285 1283 Nullus
308 1223 340 1281 in
363 1224 481 1300 egregio
505 1239 630 1300 corpore
654 1238 764 1282 naevus
788 1223 862 1283 erit.

133 1321 165 1370 15
180 1307 318 1371 Pluribus
342 1328 500 1390 accusem,
523 1310 589 1369 fieri
611 1310 670 1369 nisi
692 1311 809 1390 possit,
824 1316 866 1371 >ut
888 1309 924 1371 ad
947 1329 995 1372 me

179 1395 292 1458 Littera
315 1416 373 1458 non
398 1400 516 1477 veniat,
540 1399 629 1456 missa
653 1399 691 1459 sit
714 1395 763 1457 illa
786 1404 902 1458 minen.
1056 1433 1073 1465 0

179 1484 219 1545 Di
241 1486 371 1566 iaciant,
393 1494 428 1546 ut
450 1487 489 1547 sit
511 1486 667 1545 temeraria
690 1493 791 1546 nostra
813 1478 965 1565 querella,

180 1571 281 1651 Teque
304 1580 406 1652 putem
429 1573 501 1632 falso
525 1591 585 1641 non
608 1574 778 1633 meminisse
801 1571 878 1634 meil

181 1659 266 1730 Quod
285 1659 409 1739 pieoor,
424 1678 490 1721 esse
508 1659 618 1738 liquet.
641 1678 739 1739 neque
757 1661 837 1721 enim
849 1659 991 1723 mutabile
1004 1660 1096 1722 robur

133 1759 166 1816 no
182 1747 310 1807 Credere
334 1766 379 1807 me
404 1749 447 1808 las
471 1756 517 1807 est
539 1750 669 1826 pectoris
693 1765 759 1809 esse
784 1750 844 1809 tui.

181 1835 258 1895 Cana
281 1837 366 1913 prius
389 1834 485 1914 gelido
508 1835 607 1897 desint
628 1835 774 1897 absinthia
796 1835 910 1918 Ponto,

181 1923 218 1983 Et
242 1931 340 1983 careat
362 1923 441 1984 dulci
465 1923 615 1984 Trinacris
637 1921 731 2002 Hybla
753 1923 872 2004 thymo,

181 2010 377 2071 Inmemorem
400 2029 488 2090 quam
511 2019 540 2071 te
563 2013 721 2090 quisquam
743 2013 898 2072 convincat
921 2013 1025 2074 amici.

180 2098 246 2159 Non
269 2101 310 2160 ita
333 2106 403 2160 sunt
425 2100 478 2158 lati
501 2101 624 2160 stamina
647 2101 730 2177 nigra
753 2096 829 2160 mei!

133 2198 166 2247 25
181 2186 227 2248 'l'u
250 2195 368 2268 tamen,
389 2194 424 2247 ut
445 2189 542 2265 possis
565 2186 653 2247 salsae
677 2204 796 2265 quoque
818 2186 930 2265 pellere
953 2186 1056 2268 culpae

182 2273 332 2355 Crimina,
356 2274 435 2353 quod
457 2293 517 2334 non
541 2293 595 2355 es,
618 2292 656 2335 ne
679 2273 819 2355 videare,
843 2274 930 2337 cavel

180 2362 278 2442 thue
302 2361 468 2423 solebamus
492 2380 666 2423 consumere
689 2361 776 2441 longa
798 2361 946 2441 loquendo

181 2451 348 2531 Tempora,
373 2469 540 2511 sermonem
563 2449 717 2511 deficiente
741 2450 805 2530 die,

145 2611 153 2627 .
183 2539 231 2599 Sic
255 2539 330 2600 ierat
353 2557 387 2599 ac
409 2540 520 2599 reserat
543 2540 646 2599 tacitas
669 2555 749 2599 nunc
771 2537 870 2599 littera
893 2555 998 2618 voces,

134 2639 167 2686 30
182 2626 220 2687 Et
242 2636 384 2705 peragant
406 2626 523 2704 linguae
546 2626 648 2686 charta
669 2642 833 2704 manusque
856 2628 953 2687 vices.

183 2714 267 2784 Quod
290 2715 354 2774 fore
376 2732 414 2774 ne
437 2716 562 2774 nimium
584 2712 684 2775 videar
706 2713 860 2795 dillidere,
882 2715 979 2792 sitque

182 2800 323 2861 Versibus
346 2801 402 2861 boc
424 2804 527 2879 paucis
551 2802 737 2863 admonuisse
761 2804 850 2882 satis,

181 2890 313 2968 Accipe,
336 2907 394 2968 quo
419 2907 536 2968 semper
559 2891 660 2951 linitur
684 2888 807 2968 epistula
829 2886 939 2969 verbo,

182 2977 300 3056 Atque,
323 2978 397 3037 meis
421 2975 531 3038 distent
554 2986 588 3038 ut
610 2985 660 3039 tua
683 2978 762 3058 lata,
785 2974 865 3037 valel

547 3168 641 3240 XIV.

184 3328 298 3398 Quanta
321 3327 375 3389 tibi
398 3327 530 3388 dederim
554 3329 664 3388 nostris
687 3333 879 3387 monumenta
900 3321 1020 3413 libellis,

184 3413 208 3474 0
232 3416 302 3475 mibi
326 3434 372 3475 me
396 3417 524 3475 coniunx
547 3416 666 3495 carior,
688 3416 752 3493 ipsa
774 3414 873 3475 vides.

125 3503 128 3510 '
184 3499 323 3562 Detrahat
346 3505 459 3564 auctori
482 3501 608 3563 multum
631 3502 772 3582 iortuna,
794 3501 911 3563 licebit:
