2386 3892
142 201 205 265 178
548 199 598 249 ux
615 198 737 250 rouro

272 364 311 425 Et
332 363 446 444 placeat
469 379 555 423 caeso
577 379 638 422 non
659 363 759 422 minus
782 379 854 441 agna
878 361 971 424 bore.

230 453 288 514 Res
312 469 431 532 quoque
453 459 535 511 tanta
557 449 614 510 fuit
626 496 635 529 ‚
660 451 785 527 quantae
808 449 984 511 subsistere.
998 469 1113 513 summo

274 540 421 601 Aeneidos
444 540 503 599 rati
525 536 637 617 grande
660 538 767 600 suisset
789 555 882 599 onus.

181 641 215 692 85
229 629 320 690 Ferre
343 630 432 690 etiam
455 626 557 687 molles
581 625 657 705 elegi
680 633 739 687 tam
762 634 842 688 rasta
867 626 1011 706 triumphi

273 716 408 778 Pondera
432 713 600 794 disparibus
622 731 683 774 non
705 722 830 794 potuere
853 717 944 776 rotis.

230 805 295 876 Quo
318 804 394 885 pede
417 821 497 865 nunc
520 810 588 863 utar
600 849 609 882 ,
633 801 721 863 dubia
744 811 790 863 est
812 805 959 863 sententia
983 802 1086 866 nobis:

273 893 357 954 Alter
380 894 459 952 enim
482 890 518 951 de
542 897 594 968 to,
617 889 742 971 Rhene,
765 890 934 971 triumphus
957 892 1055 954 adest.

174 1004 176 1009 ·
229 982 320 1043 inrita
343 990 491 1041 motorum
514 996 575 1039 non
598 985 668 1039 sunt
689 980 841 1058 praesagia
864 988 982 1042 ratum:
1103 994 1144 1045 (00

182 1082 215 1132 00
275 1069 376 1130 Danda
399 1067 460 1128 lovi
482 1067 607 1147 laurus,
629 1066 700 1127 dum
722 1069 806 1147 prior
828 1066 877 1128 iila
899 1069 994 1130 viret.

228 1156 290 1224 Nec
317 1174 383 1218 mea
409 1154 500 1216 verba
527 1154 623 1235 legis,
653 1156 705 1232 qui
732 1172 798 1216 sum
825 1163 992 1217 summotus
1019 1156 1056 1217 ad

777 1241 930 1325 Histrum,

273 1333 338 1394 Non
362 1332 438 1393 bene
461 1333 572 1411 pacatis
595 1330 716 1391 ssumina
739 1340 809 1410 pota
831 1331 932 1393 Getis:

230 1422 289 1483 ista
313 1420 361 1483 dei
383 1439 439 1480 vox
462 1429 529 1481 est.
571 1419 645 1479 deus
668 1427 714 1479 est
736 1420 767 1480 in
789 1428 911 1499 pectore
935 1428 1060 1482 nostro.

273 1508 353 1570 flacc
376 1508 451 1570 duce
475 1506 614 1587 praedico
638 1509 840 1587 vaticinorque
864 1507 938 1569 deo.

182 1610 215 1660 95
230 1597 307 1668 Quid
331 1615 430 1658 cessas
453 1614 576 1657 currum
598 1613 794 1675 pompamque
817 1613 922 1676 parare
945 1595 1120 1677 triumphis,

274 1681 386 1746 Livia?
417 1687 475 1744 iam
498 1683 594 1744 nullas
617 1682 688 1743 dant
711 1682 765 1744 tibi
787 1682 863 1744 bella
886 1701 1003 1746 moras.

230 1772 346 1835 Perfida
370 1772 519 1833 damnatas
543 1771 698 1832 Germania
721 1773 828 1850 proicit
850 1772 968 1834 hastas.

275 1860 336 1921 lam
358 1859 475 1939 pondus
498 1860 579 1920 dices
602 1877 689 1920 omen
712 1858 821 1920 babere
844 1878 961 1922 meum.

232 1949 349 2029 Crede,
372 1947 514 2027 brevique
537 1948 611 2009 fides
634 1948 749 2008 aderit.
790 1947 950 2027 geminabit
973 1948 1115 2010 honorem

166 2051 216 2100 too
276 2037 391 2117 Filius,
415 2047 445 2097 et
467 2038 576 2097 iunctis
601 2046 633 2096 ut
655 2036 740 2115 prius
762 2035 818 2096 ibit
841 2038 943 2115 equis.

230 2126 359 2206 Prome,
383 2123 462 2203 quod
484 2126 588 2184 inicias
610 2126 723 2185 umeris
746 2123 929 2204 victoribus,
952 2132 1086 2187 ostrum:

275 2213 341 2293 ipsa
364 2221 463 2292 potest
486 2212 606 2273 solitum
629 2229 718 2272 nosse
741 2229 850 2273 corona
873 2221 980 2292 caput:

232 2302 344 2381 Scuta,
367 2301 419 2362 sed
443 2311 473 2363 et
496 2300 593 2380 galeae
617 2302 741 2380 gemmis
763 2299 918 2361 radientur
941 2311 972 2363 et
994 2320 1085 2382 auro,

276 2390 420 2470 Stentque
444 2407 534 2469 super
556 2391 650 2449 victos
675 2396 780 2449 trunca
803 2397 922 2469 tropaea
944 2391 1042 2454 viros:

167 2493 216 2542 105
232 2479 344 2559 Oppida
367 2480 484 2539 turritis
508 2479 663 2556 cingantur
687 2476 819 2537 eburnea
841 2480 953 2560 muris,

276 2567 417 2645 Fictaque
441 2585 489 2627 res
512 2583 583 2626 vero
606 2582 689 2625 more
712 2573 834 2644 putetur
857 2569 920 2644 agi.

232 2656 389 2734 Squalidus
411 2657 551 2715 inmissos
574 2654 665 2714 inacta
689 2652 745 2715 sub
768 2652 934 2714 harundine
957 2655 1056 2716 crines

275 2742 397 2803 Rhenus
420 2755 449 2804 et
472 2743 596 2803 iniectas
619 2743 760 2820 sanguine
783 2752 888 2822 porgat
912 2759 1020 2821 aquas.

232 2829 360 2891 Barbara
383 2832 441 2889 iam
464 2832 541 2910 capti
564 2840 691 2909 poscunt
713 2831 840 2909 insignia
862 2847 966 2913 reges,

166 2932 216 2980 110
275 2917 426 2998 'sextaque
449 2919 568 2979 fortuna
591 2917 726 2979 divitiora
749 2935 820 2979 sua:

231 3006 269 3067 Et
292 3023 367 3086 quae
389 3013 543 3085 praeterea
567 3008 660 3067 virtus
683 3007 791 3068 invicta
816 3016 935 3067 tuorum
1102 3015 1139 3066 00

276 3093 369 3174 Saepe
393 3105 494 3175 parata
517 3093 593 3176 tibi,
616 3113 704 3174 saepe
726 3094 854 3174 paranda
878 3096 967 3156 iacit.

231 3183 288 3260 Di,
311 3200 439 3263 quorum
462 3184 576 3244 monitu
599 3201 703 3244 sumus
727 3195 868 3244 eventura
890 3184 1001 3263 locuti,

275 3270 392 3353 Verba,
414 3289 543 3352 precor,
566 3269 657 3333 celeri
680 3283 781 3332 nostra
805 3270 928 3350 probate
952 3271 1027 3333 iidei
