2386 3892
481 177 503 229 L
521 179 680 229 129-101.
1062 178 1083 242 3

105 349 141 399 65
155 334 257 413 Siquis
287 338 364 415 erit,
393 339 445 415 qui
471 344 520 414 te,
557 340 626 416 quia
645 340 687 398 sis
705 357 812 419 meus,
834 358 900 401 esse
924 340 1082 420 legendum

153 424 221 485 Non
245 431 355 503 putet,
378 441 396 484 e
418 424 532 502 gremio
555 427 719 504 reiciatque
742 445 798 488 suo
810 475 821 508 ,

154 507 297 592 ‘Inspice'
321 512 369 572 dic
392 507 546 574 titulum.
583 531 643 574 non
667 532 734 575 sum
756 526 932 596 praeceptor
955 521 1080 580 amoris.

152 600 235 669 Quas
259 601 392 679 meruit,
416 618 527 678 poenas
549 603 607 662 iam
631 601 713 662 dedit
736 602 808 664 iliud
831 622 906 683 opus
916 602 936 666 .'

153 688 293 748 Forsitan
317 685 480 767 expectes,
502 706 540 749 an
563 691 594 749 in
617 688 674 749 alta
697 689 802 768 palatia
825 696 951 756 missum

102 791 137 837 το
154 776 306 836 Scandere
331 783 361 834 te
384 774 502 836 iubeam
526 776 758 855 Caesareamque
782 779 929 842 domum?

152 862 314 942 lgnosoant
337 873 462 941 augusta
485 864 558 925 mibi
581 864 645 925 loca
668 865 757 944 dique
781 866 932 930 iocorum!

152 951 241 1011 Venit
263 954 295 1012 in
318 950 375 1011 boc
398 951 448 1011 iila
471 952 584 1012 tulmen
608 952 644 1012 ab
668 971 736 1018 arce
760 964 864 1033 caput.

152 1039 227 1099 Esse
251 1038 372 1118 quidem
396 1042 516 1099 memini
536 1041 691 1101 mitissima
716 1042 837 1104 sedibus
859 1043 918 1105 illis

151 1127 301 1188 Numina.
344 1126 397 1187 sed
420 1129 532 1207 timeo,
556 1131 607 1206 qui
630 1146 782 1209 nocuere,
806 1130 886 1192 deos.

102 1228 137 1275 75
152 1215 298 1275 Terretur
321 1216 444 1275 minimo
467 1233 581 1294 pennae
606 1216 734 1277 stridore
759 1217 912 1297 columba,

151 1302 331 1381 Unguibus,
354 1305 518 1381 accipiter,
542 1305 641 1364 saucia
665 1304 740 1364 iacta
763 1307 839 1365 tuis.

150 1389 213 1450 Nec
235 1389 342 1469 procul
365 1407 381 1450 a
405 1391 528 1451 stabulis
552 1390 641 1451 audet
664 1390 839 1471 discedere,
862 1394 946 1471 siqua

150 1477 284 1538 Excussa
308 1486 354 1538 cst
376 1479 453 1539 avidi
475 1477 615 1539 dentibus
640 1496 714 1557 agna
737 1479 816 1558 lupi.

150 1565 265 1625 Vitaret
288 1564 402 1626 caelum
425 1565 600 1645 Phaethon,
624 1568 650 1626 si
673 1568 806 1647 viveret,
829 1576 860 1628 et
883 1586 958 1647 quos

101 1667 135 1716 80
151 1653 276 1732 Optarat
298 1653 411 1734 stulte,
434 1662 556 1732 tangere
579 1653 670 1714 nollet
693 1672 803 1733 equos.

152 1741 198 1801 Me
224 1760 343 1820 quoque
356 1787 366 1820 ‚
390 1759 465 1819 quae
488 1743 570 1802 sensi
583 1789 592 1821 ,
615 1742 708 1802 fateor
731 1742 808 1803 lovis
832 1761 913 1804 arma
936 1747 1050 1807 timere.

151 1829 197 1890 Me
220 1847 290 1889 reor
313 1830 445 1908 infesto,
471 1847 541 1889 cum
562 1837 666 1908 tonat,
689 1831 757 1908 igue
780 1833 860 1908 peti.

152 1916 339 1996 Quicumque
362 1916 499 1996 Argolica
521 1916 558 1976 de
582 1916 675 1977 classe
699 1917 850 1996 Capherea
873 1921 966 2002 sugit,

152 2005 277 2083 Semper
299 2004 336 2064 ab
359 2003 501 2065 Euboicis
524 2004 586 2064 vela
609 2008 731 2065 retorsit
754 2008 856 2084 aquis.

103 2106 136 2153 85
152 2093 190 2152 Et
208 2110 278 2153 ¹mea
301 2091 431 2172 cumba,
455 2092 546 2153 semel
569 2100 650 2153 rasta
671 2111 816 2172 percussa
839 2096 967 2173 procella

149 2180 257 2259 iilum,
281 2198 340 2258 quo
363 2179 442 2240 laesa
464 2187 533 2261 est,
555 2180 659 2242 borrct
681 2182 763 2243 adire
786 2180 901 2244 locum.

149 2269 227 2348 Ergo
252 2285 321 2328 cave
334 2314 343 2348 ,
366 2267 442 2329 liber
455 2316 464 2347 ,
488 2276 518 2329 et
540 2268 642 2329 timida
666 2271 861 2348 circumspice
885 2279 1002 2332 mente:

148 2356 187 2417 Ut
210 2357 282 2428 satis
305 2374 322 2416 a
345 2355 441 2418 media
463 2358 503 2417 sit
525 2355 580 2416 tibi
602 2355 688 2434 piebc
711 2356 790 2435 legi.

149 2445 225 2506 [tum
248 2446 325 2523 petit
346 2445 473 2505 infirmis
496 2445 621 2505 nimium
644 2442 780 2504 sublimia
803 2445 909 2522 pennis

102 2545 134 2592 90
149 2533 250 2594 Icarus
261 2580 271 2614 ,
295 2535 452 2611 aequoreis
475 2534 594 2592 uomina
616 2532 688 2591 iecit
710 2532 812 2607 aquis.

147 2620 272 2683 Difficile
296 2627 485 2700 esttamen,
508 2620 577 2680 binc
600 2620 690 2680 remis
714 2619 807 2678 utaris
829 2635 866 2677 an
889 2636 960 2680 aura

148 2709 276 2770 iiicere.
312 2708 468 2770 consilium
490 2725 599 2786 resque
621 2709 764 2785 locusque
788 2705 915 2768 dabunt.

149 2797 180 2858 Si
203 2798 317 2876 poteris
340 2815 432 2857 vacuo
456 2796 554 2876 tradi,
580 2798 607 2857 si
629 2803 735 2858 cuncta
758 2796 872 2857 videbis

146 2885 250 2965 Micia,
273 2886 400 2945 sitires
423 2884 547 2963 fregerit
568 2886 612 2944 ira
635 2903 726 2965 suas,

102 2985 133 3035 95
149 2971 250 3052 Siquis
278 2975 350 3054 erit,
375 2974 428 3052 qui
454 2981 484 3034 te
506 2971 689 3034 dubitantem
731 2980 762 3033 ct
783 2972 866 3033 adire
891 2973 1042 3034 timentem

147 3061 278 3139 Tradat,
301 3069 332 3120 et
355 3067 422 3120 ante
446 3067 544 3119 tamen
567 3079 660 3139 pauca
683 3059 842 3138 loquatur,
866 3057 932 3120 adi.

147 3149 227 3210 Luce
250 3147 327 3208 bona
350 3147 529 3226 dominoque
554 3154 604 3208 tuo
628 3148 742 3208 felicior
765 3149 829 3224 ipso

146 3238 304 3298 Pervenias
326 3236 397 3296 illuc
421 3244 451 3295 et
473 3235 547 3296 maia
570 3244 670 3297 nostra
693 3235 790 3294 leves.

147 3325 279 3404 Namque
304 3342 337 3384 ca
360 3324 407 3384 vel
430 3342 539 3404 nemo,
561 3323 607 3384 vcl
631 3325 682 3401 qui
704 3320 777 3380 mibi
800 3318 921 3384 vulnera
943 3325 1012 3390 iecit

88 3424 133 3474 100
148 3414 234 3474 Solus
256 3412 387 3473 Achilleo
411 3411 514 3472 toliere
537 3429 620 3471 more
643 3414 758 3489 potest.

147 3503 275 3564 Tantum
297 3519 335 3561 ne
359 3517 489 3578 noceas,
512 3499 582 3560 dum
605 3500 649 3565 vis
667 3493 831 3580 prodesse,
853 3501 967 3568 vidctoi

868 3603 902 3660 1*
