2386 3892
90 182 154 246 120
426 183 537 234 mrors
555 183 587 237 v.
608 183 756 234 ore-644.

179 346 324 425 Quodque
348 345 450 406 dolore
474 347 556 405 necis
580 347 692 422 patriae
716 346 764 424 pia
786 344 846 405 iilia
868 345 955 425 lecit,

223 434 345 496 Vincula
368 453 423 513 per
445 432 543 512 laquei
566 433 611 493 lac
634 432 690 492 tibi
712 440 816 510 guttur
839 441 903 494 eat.

112 534 164 585 615
180 522 401 601 Obstructoque
426 522 532 581 samem
555 523 676 600 patiaris
698 520 799 581 limine
822 522 911 600 tecti,

112 622 115 626 '
223 609 263 671 Ut
284 610 380 689 legem
403 627 515 688 poenae
538 611 587 669 cui
610 607 692 669 dedit
714 610 777 688 ipsa
799 626 925 688 parens.

178 697 261 759 lllius
284 697 418 776 exemplo
443 696 532 756 violes
556 695 712 757 simulacra
735 695 906 777 Minervae,

226 785 340 847 Aulidis
364 803 380 845 a
403 793 492 864 portu
517 787 568 862 qui
590 784 653 844 leve
676 787 766 845 vertit
788 787 863 844 iter.

180 873 394 953 Naupliadaeve
418 872 504 933 modo
527 890 638 951 poenas
660 890 715 952 pro
739 874 863 932 crimine
886 871 960 933 ialso

114 975 166 1025 620
224 962 319 1022 llorte
342 961 428 1042 luas,
451 978 506 1020 nec
530 967 559 1020 te
583 978 643 1020 non
666 963 811 1022 meruisse
834 963 932 1021 iuvet.
960 962 962 967 '

113 1083 157 1094 -
179 1049 324 1110 Aethalon
347 1057 381 1110 ut
403 1050 462 1109 vita
484 1047 620 1127 spoliavit
641 1047 769 1109 lsindins
792 1048 918 1128 hospes,

226 1137 321 1208 Quem
344 1154 458 1196 memor
481 1154 497 1195 a
520 1137 612 1196 sacris
635 1153 715 1196 nunc
739 1154 857 1215 quoque
872 1135 963 1214 pellit
984 1133 1052 1195 lon:

180 1224 278 1305 thue
301 1224 466 1285 Melanthea
489 1223 620 1285 tenebris
644 1243 660 1284 a
683 1224 772 1285 caede
795 1223 937 1285 latentem

225 1312 359 1374 Prodidit
382 1314 478 1373 officio
501 1311 622 1372 luminis
645 1314 708 1390 ipsa
730 1329 855 1391 parens:

115 1413 166 1463 625
182 1401 231 1462 Sic
255 1411 306 1462 tua
329 1402 471 1461 coniectis
495 1399 644 1460 fodiantur
666 1408 787 1479 pectora
810 1399 896 1480 telis,
1052 1410 1068 1461 tl

227 1489 277 1550 Sic
299 1507 407 1568 precor
430 1487 546 1549 auxiliis
568 1487 729 1567 impediare
753 1489 830 1548 tuis.

182 1577 284 1648 Qualis
308 1595 400 1654 equos
423 1584 531 1656 pacto,
554 1594 629 1653 quos
653 1576 739 1636 fortis
762 1575 866 1653 agebat
887 1573 1031 1653 Achilles,

226 1665 299 1724 Acta
321 1663 430 1742 Phrygi
453 1662 578 1743 timido,
601 1681 660 1723 nox
682 1661 737 1724 tibi
760 1663 826 1723 talis
850 1671 914 1725 eat.

182 1751 244 1812 Nec
267 1759 301 1811 tu
324 1767 412 1830 quam
435 1750 551 1811 Rhesus
576 1768 679 1810 somno
702 1751 825 1811 meliore
849 1753 1002 1831 quiescas,

117 1851 168 1900 630
228 1839 323 1911 Quam
346 1839 469 1898 comites
492 1838 584 1898 Rhesi
606 1846 669 1898 tum
692 1841 798 1919 necis,
820 1848 888 1901 ante
911 1841 994 1918 viae3

184 1926 279 2000 Quam
302 1944 376 2005 quos
400 1943 468 1987 cum
491 1926 601 1986 Rutulo
624 1929 714 1987 morti
736 1927 878 1988 Ramnete
895 1926 1045 1987 dederunt

226 2013 354 2093 Impiger
376 2012 550 2092 Hyrtacides
573 2012 808 2094 Hyrtacidaeque
831 2032 949 2076 comes.
1008 2071 1011 2076 .

183 2101 367 2163 Cliniadaeve
390 2101 477 2161 modo
501 2102 701 2163 circumdatus
724 2102 843 2181 ignibus
865 2105 938 2164 atris

227 2189 359 2250 llembra
382 2190 460 2250 ieras
484 2189 600 2269 Stygiae
623 2192 827 2253 semicremata
849 2193 933 2252 neci.

118 2289 170 2340 635
184 2277 289 2360 thue·
304 2277 396 2337 Remo
419 2295 521 2338 muros
544 2295 616 2338 auso
639 2281 766 2339 transire
790 2287 944 2358 recentes,

227 2365 320 2426 Noxia
343 2368 403 2426 sint
426 2368 515 2444 capiti
537 2367 649 2426 rustica
671 2366 730 2427 tela
752 2374 822 2430 tuo.

183 2453 318 2532 Denique
343 2453 519 2514 Sarmaticas
542 2456 620 2514 inter
643 2453 820 2533 Geticasque
843 2456 963 2534 sagittas

227 2541 280 2602 llis
302 2560 410 2620 precor
433 2549 467 2602 ut
489 2543 569 2602 vivas
593 2549 622 2602 et
645 2544 771 2603 moriare
793 2542 885 2604 locis.

184 2628 262 2690 llaec
286 2629 340 2690 tihi
364 2632 509 2710 tantisper
531 2628 630 2690 subito
653 2632 713 2690 sint
736 2632 825 2691 missa
847 2629 965 2708 libello,

118 2729 169 2778 640
228 2717 410 2778 Inmemores
433 2735 471 2778 ne
494 2735 548 2777 nos
572 2736 637 2778 esse
662 2736 788 2796 querare
810 2720 872 2780 tui.

184 2804 281 2864 Pauca
306 2805 446 2885 quidem,
469 2807 585 2867 fateor:
621 2807 674 2866 sed
698 2806 728 2866 di
750 2806 822 2866 dent
843 2805 929 2886 plura
951 2802 1060 2882 rogatis

227 2892 482 2970 Multiplicentque
505 2911 560 2953 suo
583 2901 649 2954 vota
672 2894 771 2954 lavore
794 2911 877 2956 mea.

184 2979 342 3039 Postmodo
365 2978 451 3058 plura
473 2979 553 3057 leges
577 2989 607 3040 et
630 2999 737 3041 nomen
759 2981 898 3042 habentia
919 2995 1033 3056 rerum,

228 3067 266 3128 Et
288 3067 363 3146 pede
386 3085 444 3145 quo
469 3067 578 3126 dehent
601 3070 680 3128 acria
703 3066 778 3128 hehe
801 3071 882 3147 geri.

494 3310 706 3319 0——
