2386 3892
422 181 469 235 IIL
489 179 536 235 1vl
551 186 654 236 76-v1
669 187 694 234 0.

140 348 178 409 m
200 346 304 408 faciles
328 353 426 407 motus
448 362 531 405 mens
555 362 698 423 generosa
720 346 815 422 capit.

142 437 273 516 Corpora
298 435 482 512 magnanimo
506 435 578 492 satis
601 440 647 492 est
668 440 833 510 prostrasse
857 431 953 512 leoni,

141 525 243 603 Pugna
266 540 355 582 suum
379 522 467 582 linem
480 569 489 599 ,
512 539 580 581 cum
603 522 680 580 iacet
701 519 795 581 hostis
808 567 817 600 ,
840 520 945 582 habel:

91 625 127 674 35
141 615 180 673 Al
202 611 291 690 lupus
315 617 345 670 ei
369 619 471 688 turpes
494 611 603 669 instant
627 607 820 669 morientibus
844 611 907 670 ursi

142 699 180 760 Et
203 716 408 778 quaecumque
431 699 528 757 minor
551 695 702 756 nobilitate
726 697 804 756 fera.

142 788 237 848 Maius
261 786 339 865 apud
363 784 479 846 Troiam
504 785 574 844 forti
598 783 667 862 qnid
691 783 833 845 habemus
856 781 994 844 Achille?

142 875 282 936 Dardanii
304 873 440 934 lacrimas
463 890 522 932 non
545 871 613 933 tulit
635 871 683 932 ille
708 874 804 931 senis.

143 963 224 1034 Quae
249 962 333 1023 ducis
356 960 483 1021 Emathii
507 960 596 1020 fuerit
620 959 791 1039 clementia,
815 959 909 1021 Porus

92 1065 129 1112 40
144 1051 290 1129 Dareique
313 1049 421 1109 docent
443 1049 557 1109 funeris
580 1050 739 1126 exequiae.

142 1139 221 1200 Neve
245 1139 397 1198 hominum
421 1138 547 1197 referam
569 1135 659 1196 flexas
683 1136 719 1196 ad
744 1137 843 1196 mitius
866 1137 942 1217 iras,

142 1228 265 1288 lunonis
288 1243 379 1305 gener
402 1231 469 1306 est,
493 1225 545 1304 qui
567 1225 650 1302 prius
673 1223 767 1283 hostis
790 1231 868 1283 erat.

143 1316 277 1393 lienique
300 1331 360 1373 nnn
382 1329 503 1391 possum
527 1310 635 1373 nnllam
660 1328 779 1389 sperare
803 1309 945 1389 salutem,

144 1402 218 1463 Cum
240 1418 353 1480 poenae
377 1418 436 1460 nnn
460 1402 499 1460 sit
521 1416 609 1460 causa
633 1407 756 1458 cruenta
779 1414 879 1457 meae,

95 1503 129 1551 40
144 1490 209 1549 1100
232 1487 328 1569 mihi,
352 1489 506 1566 quaerenti
528 1485 719 1566 pessumdare
743 1493 873 1566 cuncta,
895 1487 1019 1564 petitum

144 1577 321 1638 Caesareum
344 1584 433 1654 caput
455 1583 501 1636 est
514 1621 523 1654 ,
546 1575 625 1653 quod
649 1581 737 1653 caput
760 1572 840 1634 urbis
864 1582 942 1654 000ος

143 1665 207 1726 1100
231 1664 342 1742 aliquid
365 1662 425 1723 dixi
448 1662 612 1741 violataque
635 1660 735 1740 lingua
758 1661 905 1740 loquendo
930 1671 976 1723 est

143 1753 297 1832 Lapsaque
320 1760 390 1812 sunt
412 1753 503 1812 nimio
528 1749 615 1810 verba
638 1750 760 1828 profana
783 1768 883 1810 mero:

144 1842 240 1902 inscia
264 1840 343 1918 quod
367 1841 479 1900 crimen
502 1839 641 1899 viderunt
663 1838 795 1918 lumina,
818 1837 949 1919 plector,

95 1942 128 1990 00
143 1930 361 2006 Peccatumque
384 1927 486 1988 oculos
510 1934 556 1987 est
577 1925 716 1987 habuisse
741 1944 856 1986 meum.

142 2017 208 2077 Non
231 2015 370 2095 equidem
393 2022 483 2076 totam
506 2031 627 2093 possum
651 2013 809 2075 defendere
833 2012 966 2092 culpam:

144 2105 200 2165 Sed
224 2111 340 2184 partem
362 2105 458 2163 nostri
480 2104 613 2163 criminis
636 2120 720 2163 error
742 2100 848 2162 habel.

144 2193 218 2272 Spes
241 2194 333 2271 igitur
357 2198 515 2270 superest,
538 2190 707 2271 faciurum,
731 2198 763 2251 nt
786 2188 897 2249 molliat
919 2190 983 2268 ipse

145 2280 249 2341 Mutati
272 2296 396 2358 poenam
421 2279 592 2339 condicione
615 2278 689 2338 loci.

97 2383 129 2430 55
144 2368 204 2429 llos
227 2369 342 2429 utinam
366 2367 451 2427 nitidi
476 2365 552 2427 Sulis
574 2366 769 2445 praenuntius
793 2373 877 2424 orfus

144 2456 254 2518 Aderat
277 2455 404 2516 admisso
428 2454 548 2516 Lucifer
572 2452 656 2512 albus
679 2449 771 2529 equol
870 2499 875 2507 .

527 2645 587 2718 Vl.

143 2805 261 2869 Foedus
284 2806 428 2868 amicitiae
452 2823 507 2866 nec
531 2807 596 2885 vis,
620 2804 793 2885 carissime,
817 2809 954 2885 nostrae,

142 2895 202 2955 Nec
226 2897 253 2955 si
276 2895 353 2954 forie
377 2893 471 2974 velis,
494 2891 680 2953 dissimulare
702 2900 804 2971 polee.

142 2975 251 3043 110000Ι
265 2984 344 3042 enim
366 2982 471 3060 licuit,
494 2998 549 3042 nec
573 2987 602 3040 ie
627 2980 698 3040 mihi
721 2982 817 3040 carior
840 2979 931 3058 aller,
965 2984 967 2989 '

142 3067 786 3131 mmmmmmmffl.

110 3157 229 3237 aisque
253 3165 318 3219 erat
341 3174 436 3235 usque
459 3156 530 3217 adeo
554 3156 663 3236 populo
688 3162 830 3233 testatus,
854 3161 887 3213 ut
910 3158 989 3211 esset

141 3246 238 3306 Paene
262 3247 356 3324 magis
379 3262 467 3324 quam
489 3253 522 3306 tu
546 3261 692 3323 quamque
716 3260 769 3320 ege
800 3246 888 3299 nolus
901 3284 910 3317 ‚
934 3255 1031 3297 amor.

143 3332 276 3413 [Quique
299 3342 345 3395 est
367 3335 398 3394 in
422 3334 498 3394 caris
521 3334 611 3392 animi
633 3329 688 3391 libi
710 3328 819 3388 candor
843 3328 960 3386 amicis.

142 3421 265 3501 Cognita
289 3429 359 3482 snut
380 3423 460 3501 ipsi,
484 3438 572 3499 quem
595 3417 689 3496 colis,
712 3418 768 3475 ista
791 3413 887 3491 vlr0.]

141 3509 188 3571 Nil
213 3512 254 3572 ita
278 3508 415 3591 celabas,
440 3517 554 3569 utnon
579 3524 633 3584 ego
658 3504 795 3566 conscius
819 3520 931 3584 essem,
