2386 3892
158 172 222 236 142
562 171 612 222 EX
629 170 749 223 PONTO

246 335 333 408 Quod
350 353 454 417 mare,
477 334 556 413 qnod
580 333 689 414 tellus,
712 349 849 415 appone,
873 331 952 411 quod
973 329 1079 392 educat
1096 349 1152 413 aer,

199 437 232 487 10
289 422 337 484 Nil
359 424 422 502 ibi,
446 422 525 501 quod
548 421 634 484 nobis
657 423 828 500 esuriatur,
852 422 927 481 erit.

245 511 353 573 Nectar
376 517 407 570 31
429 511 628 591 ambrosiam,
649 509 752 570 latices
776 508 937 588 epulasque
962 506 1100 588 deorum,

290 599 346 660 Det
368 598 441 660 mibi
463 599 592 658 formosa
615 614 688 657 3333
711 596 832 659 1333313
855 614 964 677 manu,

246 686 312 749 Non
335 695 433 748 tamen
457 694 582 748 exacuet
603 693 725 764 torpens
746 701 836 764 sapor
858 683 908 745 ille
930 683 1077 764 palatum,

292 774 387 836 Stabit
410 782 440 835 et
462 776 492 834 13
517 772 667 839 stomacho
690 771 807 852 pondus
829 774 925 833 inerte
950 771 1019 833 diu.

199 873 232 924 16
247 863 326 925 Haec
349 881 403 941 ego
427 880 486 924 non
511 863 628 942 ausim,
652 877 720 921 cum
743 862 804 921 sint
826 861 1003 941 verissima,
1026 860 1113 920 331313

292 950 453 1030 Scribere,
477 948 596 1010 delicias
620 967 657 1009 ne
681 947 755 1009 mala
777 956 880 1009 333133
902 956 1005 1008 vocet.

248 1038 368 1100 Scilicet
390 1041 416 1098 is
440 1044 534 1099 status
558 1044 604 1098 est
616 1084 625 1118 ,
649 1053 683 1097 ea
705 1054 807 1096 rerum
830 1037 925 1096 lorma
948 1052 1096 1116 mearum,

292 1125 410 1191 Deliciis
434 1127 522 1186 etiam
545 1127 639 1204 possit
661 1131 695 1184 ut
718 1141 783 1185 esse
806 1122 908 1186 locusl
1017 1162 1022 1175 ·

248 1212 376 1275 Delicias
399 1213 441 1275 illi
464 1230 571 1293 precor
594 1212 647 1274 bas
670 1214 844 1290 contingere
856 1259 866 1295 ,
889 1212 983 1290 siquis

200 1314 233 1364 20
292 1301 335 1363 Ne
359 1301 432 1362 mihi
454 1303 493 1362 sit
515 1300 607 1362 levior
631 1299 764 1361 Caesaris
787 1301 853 1380 ira,
875 1301 978 1360 timet.

247 1390 276 1451 ls
295 1408 413 1470 quoque
422 1437 431 1470 ,
455 1391 507 1468 qui
524 1388 627 1468 gracili
645 1388 730 1449 cibus
749 1390 844 1449 estin
863 1404 1006 1468 corpore,
1025 1402 1145 1464 somnus,

291 1478 357 1539 Non
381 1478 432 1539 alit
455 1477 552 1537 olficio
576 1494 685 1556 corpus
707 1479 795 1536 inane
818 1493 890 1537 suo.

249 1565 308 1627 Sed
330 1565 441 1644 vigilo,
464 1563 644 1643 vigilantque
667 1565 727 1625 mci
749 1565 813 1624 sine
836 1563 894 1624 tine
918 1561 1053 1644 dolores,
1113 1571 1145 1622 (m

294 1653 428 1724 Quorum
450 1655 603 1713 materiam
626 1651 675 1712 dat
697 1650 781 1712 locus
803 1653 867 1732 ipse
891 1649 981 1713 mibi.

202 1739 304 1801 33113
327 1743 418 1817 igitur
440 1741 537 1819 possis
560 1741 638 1799 visos
662 1756 822 1818 agnoscere
846 1738 962 1819 vultus,

294 1826 418 1906 eroque
441 1829 531 1907 13311,
556 1844 702 1907 quaeras,
726 1829 777 1906 qui
800 1827 856 1888 luit
878 1833 947 1887 ante
971 1826 1068 1887 color.

249 1914 360 1976 Parvus
383 1917 413 1975 in
438 1914 528 1975 exiles
552 1932 642 1976 sucus
665 1914 738 1975 mibi
760 1916 896 1994 pervenit
918 1921 1020 1995 artus,

293 2002 483 2081 Membraque
507 2010 577 2063 sunt
599 2020 667 2065 cera
690 2001 841 2081 pallidiora
864 2018 955 2063 3333.

249 2091 315 2152 Ν33
338 2091 411 2152 baec
433 2089 581 2151 inmodico
604 2092 738 2151 contraxi
761 2090 865 2151 damna
888 2087 1003 2169 Lyaeo:

201 2191 235 2240 3ο
295 2178 383 2258 Scis,
406 2178 478 2239 milri
501 2196 589 2256 quam
612 2177 691 2238 solae
714 2195 807 2256 paene
831 2178 971 2239 bibantur
993 2193 1095 2257 aquae.

249 2265 315 2327 Non
339 2265 433 2345 epulis
457 2284 587 2327 oneror:
618 2283 744 2346 quarum
767 2267 793 2326 si
816 2273 918 2344 tangar
941 2282 1058 2348 amore,

294 2353 348 2415 Est
369 2363 468 2415 tamen
491 2357 522 2415 13
546 2353 657 2415 Geticis
680 2355 765 2432 copia
787 2352 867 2414 nulla
889 2353 980 2414 13313.

249 2441 310 2504 Nec
334 2444 412 2503 31333
436 2443 537 2503 adimit
559 2440 683 2503 Veneris
706 2441 845 2502 damnosa
868 2441 1021 2520 voluptas:

293 2531 358 2592 Non
382 2530 457 2592 solet
478 2533 510 2591 in
534 2537 661 2590 maestos
683 2529 733 2590 illa
756 2531 857 2589 venire
880 2536 981 2590 toros.

202 2618 334 2680 33113313
356 2618 501 2697 locusque
524 2626 633 2679 nocent
656 2625 686 2678 et
709 2634 797 2677 causa
819 2616 966 2678 valentior
986 2617 1066 2695 istis,

294 2707 432 2767 noxietas
455 2707 545 2766 animi
557 2753 566 2786 ,
590 2723 665 2785 quae
688 2704 760 2766 mibi
783 2722 901 2784 semper
924 2705 1023 2766 adest.

250 2792 332 2854 Hanc
356 2796 412 2853 nisi
435 2801 468 2855 tu
490 2795 602 2873 pariter
625 2792 713 2853 simili
736 2810 804 2853 cum
827 2793 919 2853 133133
942 2791 1070 2870 1333333,

294 2879 348 2940 Vix
371 2898 455 2958 mens
478 2883 615 2942 tristitiae
639 2889 741 2942 nostra
764 2879 882 2942 tulisset
905 2897 997 2941 onus.

250 2967 308 3029 Vos
332 2969 404 3029 estis
427 2969 521 3030 fracto
545 2968 631 3030 tellus
655 2986 713 3029 333
738 2968 811 3029 dura
834 2966 973 3047 phaselo:

201 3070 236 3119 43
295 3055 449 3136 Quamque
473 3064 581 3135 negant
603 3056 709 3137 multi,
733 3074 784 3116 333
808 3055 880 3116 mihi
903 3057 988 3116 tertis
1010 3068 1102 3135 3333.

249 3145 360 3224 Ferte,
382 3162 512 3225 precor,
535 3162 674 3224 semper,
698 3145 766 3222 quia
790 3161 908 3222 semper
927 3141 1073 3222 egebimus
1090 3132 1136 3209 ito,

294 3233 428 3294 Caesaris
451 3233 596 3294 otiensum
619 3232 690 3293 dum
713 3231 785 3292 mibi
808 3249 919 3292 numen
942 3233 1015 3292 erit.

250 3321 308 3393 Qui
330 3323 467 3382 meritam
490 3319 575 3382 nobis
598 3321 733 3400 minuat,
756 3337 816 3380 non
838 3319 921 3380 finiat
943 3321 1033 3400 iram,

295 3407 476 3488 Suppliciter
498 3417 613 3471 vestros
637 3409 762 3487 quisque
785 3415 886 3486 rogate
910 3406 999 3469 deos.
