2386 3892
553 167 746 219 FASTORUM

508 379 537 443 2.
561 377 628 442 AN
674 379 702 442 3.
726 375 791 441 ΒΝ

235 507 391 567 Proximus
414 506 566 584 hesperias
589 505 675 564 Titan
699 503 833 564 abiturus
856 505 887 564 in
911 505 1007 564 undas

281 595 418 654 Gemmea
442 595 601 672 purpureis
625 610 692 652 cum
715 595 783 669 iuga
807 592 907 652 demet
929 595 1033 672 equis,
1055 642 1058 647 .

188 682 396 751 151111110111
420 682 548 760 aliquis,
572 679 677 741 tollens
700 681 735 740 ad
760 680 857 740 sidera
880 680 1009 760 voltum,

280 770 364 830 Dicet
387 766 455 831 ‘uhi
477 778 522 830 est
545 768 632 827 hodie
656 787 731 846 quae
754 768 830 846 Lyra
852 768 935 828 fulsit
957 763 1064 829 heri'?'

236 858 370 936 Dumque
393 857 497 936 Lyram
522 864 666 936 quaeret,
691 857 779 916 medii
802 874 921 935 quoque
945 864 1028 936 terga
1046 856 1145 916 Leonis

281 945 314 1005 ln
338 947 463 1024 liquidas
487 943 584 1004 subito
609 962 704 1005 mersa
728 943 842 1004 notabit
864 962 977 1024 aquas.

865 1041 878 1068 e

592 1082 621 1145 4.
648 1078 711 1148 GN

237 1207 331 1278 Quem
355 1209 441 1268 modo
466 1208 609 1268 caelatum
632 1208 725 1268 steffis
748 1207 891 1287 Delphina
914 1207 1051 1288 videbas,

188 1310 222 1359 80
280 1296 308 1357 Is
332 1297 425 1376 fugiet
448 1299 527 1356 visus
551 1305 637 1357 nocte
660 1304 803 1375 sequente
827 1305 912 1358 tuos:

238 1385 297 1446 Seu
321 1385 377 1446 fuit
400 1385 524 1445 occultis
548 1383 617 1444 felix
640 1386 671 1445 in
695 1383 844 1445 amoribus
867 1383 974 1464 index,

280 1473 406 1533 Lesbida
429 1491 497 1534 cum
521 1473 638 1532 domino
662 1490 716 1533 seu
741 1473 807 1534 tulit
829 1472 878 1532 iile
901 1473 1011 1552 lyram.

238 1560 322 1631 Quod
346 1580 426 1622 mare
450 1578 509 1620 non
533 1563 635 1640 norit,
659 1578 733 1638 quae
758 1563 853 1621 nescit
875 1559 985 1620 Ariona
1008 1555 1119 1621 tellus?

283 1648 418 1709 Carmine
443 1655 597 1709 currentes
619 1647 668 1707 iile
693 1647 812 1709 tenebat
834 1667 941 1727 aquae.

189 1749 222 1797 85
239 1736 332 1814 Saepe
356 1754 484 1815 sequens
508 1753 611 1814 agnam
634 1735 722 1815 lupus
745 1745 791 1797 est
813 1754 830 1796 a
852 1754 925 1798 voce
946 1744 1097 1815 retentus,

283 1823 376 1902 Saepe
400 1823 516 1883 avidum
540 1825 656 1901 fugiens
679 1826 789 1885 restitit
811 1842 884 1902 agna
907 1823 1028 1903 lupum:

239 1912 332 1990 Saepe
357 1929 444 1971 canes
467 1911 642 1990 leporesque
667 1911 768 1972 umbra
793 1911 923 1973 cubuere
947 1910 1003 1973 sub
1027 1928 1099 1990 una,

282 1999 320 2059 Et
343 2002 424 2060 stetit
446 2002 478 2060 in
502 2017 571 2059 saro
594 2003 726 2078 proxima
750 2018 836 2060 cerva
859 1999 939 2061 leae:

237 2087 276 2148 Et
299 2090 361 2147 sine
385 2087 436 2147 fite
459 2087 566 2165 loquax
590 2106 657 2147 eum
680 2086 805 2147 Palladis
829 2087 896 2147 alite
920 2089 1023 2147 cornix
1106 2096 1141 2145 tau

190 2188 224 2236 90
285 2174 388 2255 Sedit,
412 2183 442 2234 et
464 2177 598 2253 accipitri
620 2178 720 2235 iuncta
744 2174 878 2235 columba
901 2175 973 2235 fuit.

239 2262 361 2341 Cynthia
385 2281 472 2341 saepe
496 2265 555 2323 tuis
579 2263 696 2344 fertur,
716 2263 822 2322 vocafis
845 2264 954 2344 Arion,
1060 2315 1077 2333 ,

283 2351 444 2429 Tamquam
466 2352 605 2411 fraternis
629 2349 807 2429 obstipuisse
831 2350 943 2411 modis.

238 2439 351 2500 Nomen
375 2438 529 2500 Arionium
553 2438 666 2499 Siculas
689 2437 862 2517 impleverat
884 2437 992 2519 urbes,

284 2527 431 2606 Captaque
456 2536 520 2588 erat
542 2526 640 2606 lyricis
664 2526 791 2586 Ausonis
815 2544 867 2586 ora
889 2528 986 2586 sonis.

190 2628 224 2676 95
238 2615 309 2675 Inde
334 2616 452 2675 domum
475 2624 614 2693 repetens
636 2631 766 2693 puppem
790 2615 963 2675 conscendit
984 2614 1089 2692 Arion,

283 2704 379 2780 Atque
403 2706 444 2763 ita
467 2705 615 2781 quaesitas
639 2710 702 2762 arte
726 2702 840 2762 ferebat
862 2719 952 2780 opes

240 2788 397 2869 Forsitan,
420 2790 543 2868 infelix,
567 2799 670 2850 ventos
684 2790 846 2869 undasque
869 2787 1011 2851 timebas:

283 2878 321 2936 tt
344 2877 397 2936 tibi
421 2896 493 2936 nave
517 2885 566 2938 tua
590 2880 683 2939 tutius
707 2888 825 2956 aequor·
841 2887 921 2939 erat.

239 2964 372 3042 Namque
395 2963 575 3042 gubernator
599 2966 739 3026 destricto
763 2967 896 3026 constitit
919 2983 989 3026 ense

175 3066 224 3114 100
284 3052 447 3132 Ceteraque
471 3061 580 3112 armata
604 3056 722 3114 conscia
746 3053 832 3114 turba
855 3071 961 3114 manu.

240 3140 316 3211 Ouid
345 3140 399 3201 tibi
427 3159 494 3201 cum
523 3138 648 3218 gladio?
681 3141 799 3203 dubiam
827 3159 897 3220 rege
910 3189 920 3221 ,
948 3143 1059 3221 navita,

784 3228 932 3309 puppem!

283 3317 348 3378 Non
371 3318 444 3378 haec
468 3325 537 3378 sunt
559 3316 658 3395 digitis
681 3334 761 3378 arma
785 3317 910 3378 tenenda
934 3318 1011 3380 tuis.

241 3405 293 3465 llfe
306 3452 315 3483 ,
339 3414 419 3466 metu
444 3405 570 3484 viduus,
594 3401 735 3466 ‘mortem
759 3423 818 3466 non
842 3401 1127 3485 deprecor'inquit,

286 3488 360 3552 ‘Sed
384 3494 471 3553 liceat
493 3500 609 3571 sumpta
632 3510 725 3572 pauca
748 3493 861 3554 referre
883 3489 980 3573 lyra!
