2386 3892
162 195 226 259 246
566 194 759 246 ruscorum

293 359 396 436 Magna
418 357 478 418 dati
501 359 601 418 nutrix
624 359 752 435 praemia
774 357 859 418 lactis
882 355 988 417 habet.

252 446 341 523 [Quid
365 454 443 506 vetat
465 444 589 505 Arcadio
613 444 707 505 dictos
730 462 747 505 a
769 453 869 504 monte
892 442 1058 523 lupercos?

294 533 413 594 Faunus
435 535 466 592 in
488 533 611 593 Arcadia
635 531 743 610 templa
766 531 896 611 Lycaeus
919 532 1040 610 babet.]
1120 547 1157 598 tort

185 633 236 682 425
250 620 370 699 Nupta,
392 621 463 699 quid
487 617 650 699 expectas?
674 637 733 680 non
756 628 789 680 tu
812 619 992 698 pollentibus
1014 618 1130 703 herbis,

293 708 354 769 Nec
377 727 488 788 prece,
512 726 566 768 nec
589 709 701 785 magico
725 709 855 767 carmine
879 715 974 768 mater
996 710 1074 769 eris.

250 795 361 874 Excipe
383 796 526 856 fecundae
550 798 696 874 patienter
718 794 842 855 verbera
865 793 1006 877 dextrae,

294 884 353 944 lam
376 901 462 944 socer
485 892 616 962 optatum
640 900 747 943 nomen
770 881 889 943 habebit
912 885 974 943 ari.

250 970 322 1031 Nam
347 971 401 1031 init
424 971 471 1030 illa
494 970 579 1050 dies,
602 971 676 1031 dura
699 988 768 1030 cum
790 978 871 1030 sorte
894 972 1015 1031 maritae

184 1071 236 1119 leo
293 1056 467 1118 Reddebant
488 1061 566 1118 uteri
588 1061 711 1137 pignora
733 1074 800 1118 rara
822 1059 887 1118 sui.

251 1141 343 1216 ‘Quid
367 1141 455 1205 mibi'
478 1145 621 1205 clamabat
644 1141 782 1223 ‘prodest
803 1147 939 1224 rapuisse
962 1145 1084 1207 Sabinas
1092 1141 1116 1226 ,’

240 1269 241 1272 =
295 1232 437 1293 Romulus
461 1266 493 1274 -
517 1233 573 1294 hoc
596 1232 646 1293 illo
670 1243 787 1312 sceptra
809 1241 929 1294 tenente
953 1233 1010 1294 luit
1033 1265 1065 1276 -

251 1322 282 1381 Si
305 1338 369 1382 mea
392 1338 451 1380 non
475 1321 553 1380 vires
565 1367 575 1399 ,
597 1319 649 1381 sed
674 1319 784 1381 bellum
805 1323 914 1382 iniuria
936 1317 1032 1382 iecit?

294 1408 399 1469 Utilius
423 1410 520 1469 luerat
542 1426 601 1467 nou
623 1407 761 1468 habuisse
784 1403 912 1469 nurus.'

185 1508 235 1557 435
249 1497 348 1557 Monte
372 1495 426 1556 sub
449 1495 581 1574 Esquilio
605 1495 705 1556 multis
727 1495 888 1557 incaeduus
911 1497 996 1557 aunis

292 1584 414 1644 lunonis
437 1601 557 1662 magnae
580 1585 698 1643 nomine
721 1582 806 1643 lucus
829 1591 910 1644 erat.

250 1671 314 1732 Huc
338 1670 388 1732 ubi
412 1679 578 1746 venerunt,
601 1673 712 1750 pariter
734 1679 903 1749 nuptaeque
925 1672 1040 1749 virique

295 1759 473 1836 Suppliciter
496 1761 591 1836 posito
614 1757 800 1837 procubuere
823 1776 919 1836 genu:

250 1846 323 1906 Cum
347 1844 444 1905 subito
467 1855 563 1906 motae
587 1854 736 1907 tremuere
759 1847 912 1906 cacumina
934 1844 1040 1925 siluae,

184 1945 236 1994 440
294 1932 330 2008 Et
353 1933 407 1992 dea
429 1951 483 2012 per
505 1933 588 1993 lucos
612 1935 685 1993 mira
708 1932 806 1994 locuta
828 1951 915 1994 suos.

250 2016 382 2082 ‘Italidas
404 2015 529 2081 matres'
552 2022 648 2099 iuquit
670 2015 770 2081 ‘sacer
793 2020 895 2081 hircus
917 2014 1024 2082 inito.’

295 2107 446 2185 Obstipuit
468 2108 556 2168 dubio
580 2109 682 2169 territa
705 2107 792 2170 turba
815 2125 905 2169 sono.

249 2196 351 2274 Augur
374 2204 458 2276 erat,
481 2213 589 2256 nomen
612 2196 706 2275 longis
729 2196 880 2256 intercidit
901 2197 1004 2256 anuis:

293 2283 394 2362 Nuper
417 2282 453 2343 ab
476 2282 601 2344 Etrusca
624 2291 746 2344 venerat
767 2283 835 2344 exul
858 2283 966 2345 humo.

183 2381 235 2432 445
249 2371 300 2432 llle
324 2389 445 2449 caprum
468 2379 596 2432 mactat:
628 2372 725 2432 iussae
750 2389 804 2432 sua
825 2380 908 2450 terga
930 2369 1043 2450 puellae

293 2459 422 2519 Pellibus
446 2460 571 2519 exsectis
594 2457 785 2537 percutienda
808 2458 932 2519 dabant.

248 2547 331 2608 Luna
353 2546 522 2607 resumebat
543 2546 658 2628 decimo
681 2564 754 2606 nova
776 2564 888 2608 cornua
910 2554 1011 2626 motu,
1114 2559 1149 2607 tto

293 2635 400 2713 Virque
424 2643 508 2714 pater
531 2633 629 2694 subito
653 2642 803 2713 nuptaque
827 2643 920 2696 mater
943 2643 1024 2695 erat.

250 2722 348 2782 Gratia
370 2722 521 2783 Lucinae.
563 2721 643 2782 dedit
665 2721 738 2782 haec
761 2722 816 2782 tibi
838 2723 957 2783 nomina
979 2721 1080 2800 lucus,

182 2820 234 2869 450
292 2809 351 2869 Aut
373 2813 441 2888 quia
464 2811 643 2889 principium
666 2817 721 2890 tu,
744 2810 819 2890 dea,
842 2809 917 2870 lucis
940 2808 1048 2870 habes.

248 2897 362 2975 Parce,
386 2914 514 2977 precor,
536 2898 684 2978 gravidis,
708 2897 801 2959 facilis
824 2896 957 2978 Lucina,
978 2897 1101 2978 puellis,

292 2983 498 3063 llaturumque
521 2995 606 3046 utero
630 2984 756 3046 molliter
779 2986 862 3046 aufer
885 3002 980 3046 onus.

248 3071 319 3133 Orta
342 3073 405 3133 dies
429 3073 540 3153 luerit,
563 3081 596 3133 tu
620 3073 721 3134 desine
744 3073 866 3135 credere
890 3074 1003 3155 reutis3

290 3160 423 3221 Perdidit
445 3159 523 3220 illins
546 3164 688 3240 temporis
711 3178 782 3223 aura
804 3162 909 3222 fidem.

177 3258 228 3308 455
243 3247 373 3308 Flamina
396 3266 456 3308 non
479 3257 636 3330 constant,
659 3257 690 3310 et
712 3266 764 3310 sex
786 3255 918 3310 reserata
940 3247 1045 3311 diebus

210 3338 218 3357 ‘
292 3335 426 3396 Carceris
449 3335 541 3396 Aeolii
564 3338 650 3396 ianua
674 3336 736 3397 laxa
759 3345 856 3416 patet.

247 3421 307 3481 lam
330 3423 405 3482 lovis
429 3422 546 3501 obliqua
569 3423 703 3484 subsedit
725 3427 864 3504 aquarius
886 3441 981 3486 urna:

291 3508 445 3570 Proximus
469 3510 616 3572 aetherios
639 3514 764 3592 excipe,
787 3512 903 3592 Piscis,
926 3528 1036 3593 equos.
