2386 3892
464 177 495 228 v.
514 179 663 230 aro-ns.
835 142 837 146 '
1001 171 1068 237 444

416 336 445 399 4.
470 333 558 416 [DC]
605 335 634 402 5.
656 334 717 401 EO

84 474 137 521 414
153 459 238 520 Hunc
257 460 331 539 Lyra
356 479 445 521 curva
464 464 549 540 sequi
567 470 713 543 cuperet,
735 460 788 522 sed
810 459 916 522 idonea
937 457 1068 521 nondum

197 547 250 608 Est
273 551 339 611 via.
381 567 439 609 nox
461 558 563 628 aptum
586 551 672 610 tertia
696 557 813 628 tempus
836 551 911 611 erit.

512 703 541 766 6.
563 701 621 768 FO

154 838 295 916 Scorpius
317 839 349 896 in
372 836 475 916 caelo,
498 854 566 897 oum
589 855 655 898 oras
676 836 829 898 lucescere
852 835 951 898 Nonas

197 925 349 1004 Dicimus,
371 942 388 984 a
411 923 507 984 media
529 933 613 1002 parte
636 930 755 987 notatus
778 926 852 986 erit.

216 1076 470 1143 remon-N
514 1079 544 1144 8.
566 1077 630 1143 HF
675 1077 931 1145 summoti

152 1213 227 1272 11144
252 1212 302 1273 ubi
325 1212 482 1291 protulerit
504 1214 632 1275 formosa
655 1222 702 1275 ter
724 1212 874 1293 Hesperus
897 1230 966 1292 ora,

88 1315 140 1362 444
200 1300 258 1360 Ter
282 1301 425 1361 dederint
440 1299 561 1363 Phoebo
583 1301 681 1362 sidera
704 1303 779 1362 victa
800 1300 918 1381 locum,

153 1389 238 1449 Ritus
262 1392 319 1450 erit
341 1391 471 1471 veteris,
494 1397 639 1451 nocturna
660 1388 821 1469 Lemuria,
843 1390 937 1450 socri:

198 1476 321 1538 Inferias
344 1479 441 1539 tacitis
464 1476 599 1539 manibus
621 1476 669 1538 illa
692 1476 821 1539 dobunt.

154 1566 255 1625 Annus
279 1574 342 1627 erat
365 1564 505 1645 brevior,
527 1583 583 1627 nec
605 1564 701 1626 adhuc
724 1566 772 1644 pio
793 1562 899 1625 februa
921 1573 1045 1645 norant,

197 1652 258 1713 Nec
281 1661 313 1714 tu
337 1652 396 1713 dux
419 1669 577 1733 mensum,
598 1652 668 1715 1444
690 1651 846 1733 biformis,
870 1668 953 1714 eras:

86 1740 213 1802 4441441
238 1749 334 1802 tamen
358 1742 488 1802 extincto
511 1743 605 1802 cineri
626 1759 679 1802 sua
702 1740 779 1802 dona
800 1739 936 1801 ferebam
943 1785 953 1821 ,

199 1826 417 1907 Compositique
440 1846 532 1908 nepos
554 1828 641 1891 busta
663 1828 762 1910 piabat
782 1830 846 1890 441.

154 1914 263 1976 Mensis
287 1925 350 1977 erat
372 1915 488 1997 Maius,
511 1919 655 1979 maiorum
677 1919 796 1979 nomine
819 1916 935 1997 dictus,

199 2001 256 2073 Qui
278 2012 392 2083 partem
414 2006 507 2082 prisci
529 2023 609 2067 nuuc
631 2023 749 2086 quoque
770 2007 864 2066 moris
885 2003 992 2066 habet.

154 2090 215 2150 Nox
241 2090 291 2152 ubi
314 2095 372 2152 iam
395 2092 490 2152 medio
514 2100 559 2153 est
570 2138 580 2174 ‚
603 2110 766 2172 somnoque
789 2092 905 2156 silentia
927 2091 1049 2173 praebet

87 2192 139 2240 444
198 2178 235 2239 Et
259 2180 340 2238 canis
363 2185 394 2237 et
416 2179 512 2237 variae
535 2181 720 2240 conticuistis
740 2197 810 2241 4444
816 2225 827 2260 ,

154 2266 205 2327 llle
229 2283 342 2326 memor
365 2265 474 2325 veteris
496 2265 572 2326 ritus
595 2265 776 2344 timidusque
798 2264 930 2330 deorum.

199 2355 321 2435 Surgit;
344 2351 453 2414 hahent
475 2353 584 2431 gemini
607 2351 722 2414 vincula
744 2351 825 2413 nulla
845 2353 954 2432 pedeer

155 2443 302 2522 Signaque
326 2441 376 2503 dat
398 2440 498 2519 digitis
520 2439 617 2502 medio
640 2458 708 2501 cum
729 2438 836 2519 pollice
857 2441 985 2520 iuuetis,

199 2530 344 2592 Occurrat
366 2531 456 2590 tacito
479 2547 516 2590 ne
539 2527 611 2590 levis
634 2527 739 2589 umbre
759 2526 833 2588 stoi.

88 2633 138 2680 434
155 2619 287 2696 Cumque
310 2634 415 2678 manus
437 2635 527 2696 puras
549 2618 669 2679 1441444
690 2614 801 2696 perluit
822 2614 918 2697 unda,

198 2706 351 2787 Vertitur,
375 2713 405 2766 et
427 2707 527 2784 nigras
549 2707 656 2784 accipit
677 2711 745 2765 aute
767 2702 867 2784 tabas,

155 2796 342 2875 eversosque
365 2796 456 2855 iacit.
497 2793 550 2855 sed
572 2792 643 2854 dum
665 2792 757 2872 iacit,
775 2784 864 2853 ‘haec
887 2808 941 2870 ego
965 2793 1068 2872 mitto,
1115 2845 1116 2848 ,

199 2877 267 2940 1114’
290 2885 387 2963 iuquit
409 2874 539 2942 ‘redimo
561 2897 668 2959 meque
690 2896 833 2961 meosque
855 2874 964 2942 lobisl'

155 2965 217 3027 1144
240 2971 341 3029 444144
363 2971 456 3047 411411,
478 2985 535 3031 444
556 2970 695 3049 respicit.
737 2967 841 3031 umbra
863 2974 984 3048 putetur

89 3066 140 3114 444
201 3053 343 3132 Colligere
366 3065 397 3118 et
417 3056 500 3119 nullo
523 3064 604 3136 terga
627 3056 744 3119 vidente
766 3056 869 3136 sequi.

156 3142 271 3203 Rursus
294 3159 398 3220 aquam
420 3146 535 3225 tangit,
557 3145 776 3222 Temesacaque
802 3149 963 3221 concrepat
984 3158 1068 3224 aera,

199 3229 237 3290 Et
259 3238 365 3311 rogat,
386 3239 420 3294 ut
442 3234 530 3295 tectis
552 3240 638 3293 exeat
659 3229 764 3293 umbra
786 3232 866 3293 suis.

156 3317 228 3378 Cum
251 3318 325 3378 dixit
347 3322 448 3381 novies
470 3315 590 3381 ‘manes
612 3319 690 3381 exite
712 3311 861 3399 paterui,'

199 3406 350 3485 Respicit,
373 3416 404 3470 et
424 3425 500 3487 pure
523 3425 607 3469 socna
628 3413 748 3487 peracto
770 3412 871 3487 putot.

89 3493 237 3554 444111414
259 3495 299 3554 sit
322 3494 400 3556 uude
423 3494 509 3576 11144,
531 3513 608 3575 quae
630 3496 759 3557 nominis
780 3501 861 3557 extet
882 3496 982 3574 origo,

856 3588 911 3648 21*
