2386 3892
90 195 154 260 286
497 195 689 246 russonum

223 358 366 440 Stabant,
389 357 541 437 Argolicae
565 358 644 436 quod
667 376 794 436 posuere
818 376 939 420 manus.

179 448 305 510 Venerat
327 446 445 507 Atridae
469 447 538 506 latis
561 448 686 524 agitatus
709 445 869 527 Halaesus,

222 542 245 597 A
269 555 327 616 quo
352 553 383 595 se
407 535 515 595 dictam
539 541 619 594 terra
642 533 754 595 Falisca
777 542 879 614 putat.

131 638 164 687 ‘15
179 625 268 686 Adice
293 625 435 685 Troianae
459 641 611 685 suasorem
634 623 782 684 Antenora
805 625 905 706 pacis,

222 714 260 774 Et
282 732 425 792 generum
449 713 605 794 Oeniden,
627 711 720 791 Apule
744 711 868 794 llaune,
891 719 992 774 tuum.

180 803 272 863 Serus
295 800 331 862 ab
355 801 449 862 iliacis
473 811 503 863 et
526 811 593 880 post
615 800 764 862 Antenora
786 801 912 861 llammis

222 891 328 952 Attulit
350 890 463 950 Aeneas
486 891 517 949 in
541 889 604 949 loca
627 899 727 950 nostra
750 889 838 950 deos.

179 979 274 1039 liuius
298 986 361 1039 erat
385 977 520 1057 Solymus
543 977 668 1056 Phrygia
692 995 791 1038 comes
814 995 892 1038 unus
916 975 952 1038 alr
974 975 1040 1059 lda,

131 1074 166 1129 80
224 1067 248 1127 A
272 1084 330 1146 quo
355 1066 503 1126 Sulmonis
526 1068 642 1126 moenia
665 1084 772 1126 nomen
795 1064 922 1126 habent:

180 1155 329 1215 Sulmonis
352 1154 462 1233 gelidi,
484 1156 618 1234 patriae,
642 1153 836 1234 Germanice,
860 1163 996 1215 nostrae.

223 1243 268 1303 Me
292 1244 456 1322 miserum,
481 1241 617 1322 Scythico
638 1260 724 1321 quarn
747 1242 853 1320 procul
874 1240 924 1302 illa
947 1240 1009 1302 solo
1031 1239 1086 1301 est!

179 1331 256 1409 Ergo
276 1350 328 1410 age
353 1340 411 1392 tam
431 1331 532 1410 longas
556 1330 608 1391 sed
627 1331 777 1409 supprime
787 1378 796 1411 ,
815 1329 897 1391 Musa
903 1376 913 1411 ,
932 1327 1087 1409 querellas!

222 1419 288 1479 Non
312 1419 367 1480 tihi
389 1427 460 1479 sunt
482 1427 591 1479 maesta
615 1436 698 1478 sacra
721 1417 852 1479 canenda
875 1415 955 1497 lyra!

57 1583 60 1588 .
130 1520 163 1568 85
179 1506 242 1577 Quo
267 1525 326 1567 non
349 1507 424 1567 livor
448 1503 538 1568 abit?
570 1514 640 1567 sunt
663 1507 715 1585 qui
738 1504 792 1567 tibi
814 1508 926 1567 mensis

856 1593 1001 1655 honorem
1037 1605 1088 1655 turi

223 1683 376 1760 Eripuissa
400 1682 491 1743 velint
513 1682 742 1762 invideantque,
765 1681 881 1742 Venus.

177 1770 250 1829 Nam
274 1773 342 1848 quia
365 1788 416 1830 ver
440 1772 535 1849 aperit
557 1777 629 1831 tunc
652 1771 769 1849 omnia,
794 1769 945 1850 densaque
968 1769 1044 1831 cedit

222 1857 353 1935 Frigoris
376 1861 541 1938 asperitas,
565 1858 682 1937 lotaque
705 1865 785 1917 terra
808 1865 906 1938 patet,

177 1944 307 2024 Aprilem
331 1953 495 2006 memorant
517 1945 553 2005 ab
577 1954 678 2024 aperto
702 1953 835 2024 tempore
859 1945 989 2008 dictum:

129 2045 162 2094 90
222 2033 316 2103 Quem
339 2033 437 2094 Venus
460 2035 568 2093 iniecta
591 2033 720 2094 vindicat
742 2033 816 2093 alma
838 2050 946 2095 manu.

151 2139 164 2163 ·
177 2119 228 2180 llla
252 2121 371 2200 quidem
395 2129 489 2182 totum
512 2122 683 2199 dignissima
708 2129 852 2200 temperat
874 2121 994 2202 orbom;

222 2207 273 2269 llla
297 2217 378 2270 tenet
400 2209 480 2270 nullo
505 2228 595 2289 regna
617 2212 730 2270 minora
754 2210 826 2291 deo,

177 2295 303 2377 luraque
327 2298 376 2358 dat
399 2298 480 2359 caelo
493 2344 502 2378 ,
525 2307 645 2377 terrae,
670 2295 815 2358 natalibus
838 2297 943 2379 undis,

221 2386 337 2465 Perque
361 2405 432 2447 suos
454 2387 547 2446 initus
570 2387 702 2446 continet
724 2403 810 2446 omne
833 2402 943 2466 genus.

130 2485 164 2533 95
178 2473 230 2534 llla
253 2475 324 2535 deos
348 2492 450 2535 omnes
474 2474 645 2552 -longum
669 2480 715 2533 est
738 2491 894 2534 numerare
913 2505 947 2516 -
966 2473 1086 2535 crearit:

220 2560 271 2622 llla
295 2565 366 2623 satis
389 2580 493 2623 causas
517 2561 732 2640 arboribusque
755 2561 854 2624 dedit:

176 2648 227 2708 llla
251 2650 340 2710 rudes
364 2653 477 2711 animos
500 2649 651 2729 hominum
676 2652 822 2709 contraxit
845 2651 875 2710 in
899 2667 1009 2730 unum,

222 2736 259 2796 Et
281 2738 382 2798 docuit
404 2740 488 2816 iungi
511 2755 577 2798 cum
601 2755 672 2816 pare
696 2755 843 2816 quemque
867 2755 938 2800 sua.

177 2823 254 2893 Quid
278 2842 371 2902 genus
395 2844 482 2887 omne
505 2832 587 2886 creat
609 2824 785 2904 volucrum,
809 2827 866 2885 nisi
889 2824 993 2886 blanda

722 2909 883 2991 voluptas?

113 3011 162 3061 100
221 2999 282 3060 Neo
306 3007 410 3060 coeant
432 3000 584 3079 pecudes,
608 3001 728 3061 sileris
751 2998 828 3062 absit
850 3018 949 3062 amor.

177 3087 250 3149 Cum
274 3106 354 3149 mare
378 3097 447 3149 trux
470 3090 547 3149 aries
571 3107 665 3149 cornu
689 3088 843 3170 decertat3
865 3098 896 3149 at
917 3088 995 3149 idem

221 3175 360 3237 Frontem
385 3176 508 3237 dilectae
531 3175 647 3237 laedere
672 3179 766 3256 parcit
788 3178 868 3237 ovis.

176 3263 313 3343 Deposita
337 3268 472 3343 sequitur
495 3273 598 3325 taurus
621 3264 737 3325 ienitate
759 3267 935 3345 iuvencam,

221 3351 314 3422 Quem
339 3355 394 3413 toti
417 3352 530 3432 saltus,
555 3370 642 3431 quem
666 3370 771 3413 nemus
795 3371 881 3414 omne
905 3352 1017 3413 tremit.

113 3448 162 3497 105
176 3437 226 3498 Vis
250 3440 351 3500 eadem
372 3436 433 3502 lato
458 3441 665 3520 quodcumque
688 3440 743 3501 sub
767 3458 896 3521 aequore
919 3441 1002 3517 ririt,

222 3524 345 3606 Servat,
370 3538 400 3588 et
421 3531 585 3589 innumeris
608 3527 739 3608 piscibus
762 3527 866 3609 implet
889 3545 992 3608 aquas.
