<?xml version="1.0" encoding="UTF-8"?>
<!DOCTYPE html PUBLIC "-//W3C//DTD XHTML 1.0 Transitional//EN"
    "http://www.w3.org/TR/xhtml1/DTD/xhtml1-transitional.dtd">
<html xmlns="http://www.w3.org/1999/xhtml" xml:lang="en" lang="en">
 <head>
  <title>
</title>
<meta http-equiv="Content-Type" content="text/html;charset=utf-8" />
  <meta name='ocr-system' content='tesseract 3.04.00' />
  <meta name='ocr-capabilities' content='ocr_page ocr_carea ocr_par ocr_line ocrx_word'/>
</head>
<body>
  <div class='ocr_page' id='page_1' title='image "./ovidiusexiterat00ovidgoog_0068.png"; bbox 0 0 2386 3892; ppageno 0'>
   <div class='ocr_carea' id='block_1_1' title="bbox 383 191 694 246">
    <p class='ocr_par' dir='ltr' id='par_1_1' title="bbox 383 191 694 246">
     <span class='ocr_line' id='line_1_1' title="bbox 383 191 694 246; baseline 0.016 -6"><span class='ocrx_word' id='word_1_1' title='bbox 383 191 405 242; x_wconf 89' lang='lat'><strong>1.</strong></span> <span class='ocrx_word' id='word_1_2' title='bbox 423 202 483 243; x_wconf 83' lang='lat' dir='ltr'><strong>vm</strong></span> <span class='ocrx_word' id='word_1_3' title='bbox 497 194 638 244; x_wconf 80' lang='lat' dir='ltr'><strong>te-vnn</strong></span> <span class='ocrx_word' id='word_1_4' title='bbox 652 195 694 246; x_wconf 82' lang='lat'><strong>13.</strong></span> 
     </span>
    </p>
   </div>
   <div class='ocr_carea' id='block_1_2' title="bbox 88 349 807 429">
    <p class='ocr_par' dir='ltr' id='par_1_2' title="bbox 88 349 807 429">
     <span class='ocr_line' id='line_1_2' title="bbox 88 349 807 429; baseline 0.006 -18"><span class='ocrx_word' id='word_1_5' title='bbox 88 361 116 412; x_wconf 83' lang='lat' dir='ltr'><strong>tt</strong></span> <span class='ocrx_word' id='word_1_6' title='bbox 129 349 284 429; x_wconf 72' lang='lat' dir='ltr'><strong>Temporis</strong></span> <span class='ocrx_word' id='word_1_7' title='bbox 307 357 338 411; x_wconf 87' lang='lat' dir='ltr'><strong>et</strong></span> <span class='ocrx_word' id='word_1_8' title='bbox 360 350 439 429; x_wconf 76' lang='lat' dir='ltr'><strong>longi</strong></span> <span class='ocrx_word' id='word_1_9' title='bbox 462 353 581 412; x_wconf 88' lang='lat' dir='ltr'><strong>iunctus</strong></span> <span class='ocrx_word' id='word_1_10' title='bbox 605 371 703 413; x_wconf 92' lang='lat' dir='ltr'><strong>amore</strong></span> <span class='ocrx_word' id='word_1_11' title='bbox 727 352 807 416; x_wconf 80' lang='lat' dir='ltr'><strong>tibi?</strong></span> 
     </span>
    </p>
   </div>
   <div class='ocr_carea' id='block_1_3' title="bbox 127 437 936 605">
    <p class='ocr_par' dir='ltr' id='par_1_3' title="bbox 127 437 936 605">
     <span class='ocr_line' id='line_1_3' title="bbox 128 437 936 526; baseline 0.01 -28"><span class='ocrx_word' id='word_1_12' title='bbox 128 438 225 519; x_wconf 89' lang='lat' dir='ltr'><strong>Quid,</strong></span> <span class='ocrx_word' id='word_1_13' title='bbox 249 439 308 497; x_wconf 89' lang='lat' dir='ltr'><strong>nisi</strong></span> <span class='ocrx_word' id='word_1_14' title='bbox 332 437 481 499; x_wconf 85' lang='lat' dir='ltr'><strong>totiusne</strong></span> <span class='ocrx_word' id='word_1_15' title='bbox 505 448 535 499; x_wconf 88' lang='lat' dir='ltr'><strong>et</strong></span> <span class='ocrx_word' id='word_1_16' title='bbox 557 447 602 499; x_wconf 86' lang='lat' dir='ltr'><strong>tot</strong></span> <span class='ocrx_word' id='word_1_17' title='bbox 624 458 688 500; x_wconf 92' lang='lat' dir='ltr'><strong>mea</strong></span> <span class='ocrx_word' id='word_1_18' title='bbox 712 444 789 502; x_wconf 94' lang='lat' dir='ltr'><strong>seria</strong></span> <span class='ocrx_word' id='word_1_19' title='bbox 812 461 936 526; x_wconf 84' lang='lat' dir='ltr'><strong>nosses,</strong></span> 
     </span>
     <span class='ocr_line' id='line_1_4' title="bbox 127 524 779 605; baseline 0.006 -20"><span class='ocrx_word' id='word_1_20' title='bbox 127 524 183 585; x_wconf 82' lang='lat' dir='ltr'><strong>&#39;l’ot</strong></span> <span class='ocrx_word' id='word_1_21' title='bbox 205 543 327 585; x_wconf 86' lang='lat' dir='ltr'>nossem</span> <span class='ocrx_word' id='word_1_22' title='bbox 349 525 433 586; x_wconf 92' lang='lat' dir='ltr'><strong>lusus</strong></span> <span class='ocrx_word' id='word_1_23' title='bbox 457 528 592 604; x_wconf 87' lang='lat' dir='ltr'><strong>seriaque</strong></span> <span class='ocrx_word' id='word_1_24' title='bbox 615 529 679 605; x_wconf 91' lang='lat' dir='ltr'><strong>ipse</strong></span> <span class='ocrx_word' id='word_1_25' title='bbox 702 526 779 589; x_wconf 82' lang='lat' dir='ltr'><strong>tua?</strong></span> 
     </span>
    </p>
   </div>
   <div class='ocr_carea' id='block_1_4' title="bbox 126 612 958 698">
    <p class='ocr_par' dir='ltr' id='par_1_4' title="bbox 126 612 958 698">
     <span class='ocr_line' id='line_1_5' title="bbox 126 612 958 698; baseline 0.01 -26"><span class='ocrx_word' id='word_1_26' title='bbox 126 613 226 692; x_wconf 84' lang='lat' dir='ltr'><strong>Quid,</strong></span> <span class='ocrx_word' id='word_1_27' title='bbox 249 615 277 672; x_wconf 93' lang='lat' dir='ltr'><strong>si</strong></span> <span class='ocrx_word' id='word_1_28' title='bbox 300 612 452 674; x_wconf 79' lang='lat' dir='ltr'>dumtaxat</span> <span class='ocrx_word' id='word_1_29' title='bbox 474 613 583 674; x_wconf 86' lang='lat' dir='ltr'><strong>Romae</strong></span> <span class='ocrx_word' id='word_1_30' title='bbox 607 613 662 675; x_wconf 94' lang='lat' dir='ltr'><strong>tibi</strong></span> <span class='ocrx_word' id='word_1_31' title='bbox 685 619 820 694; x_wconf 83' lang='lat' dir='ltr'><strong>cognitus</strong></span> <span class='ocrx_word' id='word_1_32' title='bbox 844 636 958 698; x_wconf 84' lang='lat' dir='ltr'><strong>essem,</strong></span> 
     </span>
    </p>
   </div>
   <div class='ocr_carea' id='block_1_5' title="bbox 77 701 1043 2181">
    <p class='ocr_par' dir='ltr' id='par_1_5' title="bbox 77 701 1043 2181">
     <span class='ocr_line' id='line_1_6' title="bbox 125 701 768 778; baseline 0.006 -19"><span class='ocrx_word' id='word_1_33' title='bbox 125 701 243 761; x_wconf 90' lang='lat' dir='ltr'><strong>Asoitus</strong></span> <span class='ocrx_word' id='word_1_34' title='bbox 266 702 377 761; x_wconf 85' lang='lat' dir='ltr'><strong>totiens</strong></span> <span class='ocrx_word' id='word_1_35' title='bbox 400 703 430 760; x_wconf 91' lang='lat' dir='ltr'><strong>in</strong></span> <span class='ocrx_word' id='word_1_36' title='bbox 454 718 549 778; x_wconf 79' lang='lat' dir='ltr'><strong>genus</strong></span> <span class='ocrx_word' id='word_1_37' title='bbox 573 719 659 762; x_wconf 91' lang='lat' dir='ltr'><strong>omne</strong></span> <span class='ocrx_word' id='word_1_38' title='bbox 682 701 768 764; x_wconf 79' lang='lat' dir='ltr'><strong>loci?</strong></span> 
     </span>
     <span class='ocr_line' id='line_1_7' title="bbox 84 787 940 866; baseline 0.007 -19"><span class='ocrx_word' id='word_1_39' title='bbox 84 787 277 848; x_wconf 81' lang='lat' dir='ltr'><strong>ttCunctane</strong></span> <span class='ocrx_word' id='word_1_40' title='bbox 302 789 332 847; x_wconf 96' lang='lat' dir='ltr'><strong>in</strong></span> <span class='ocrx_word' id='word_1_41' title='bbox 356 805 520 866; x_wconf 86' lang='lat' dir='ltr'><strong>aequoreos</strong></span> <span class='ocrx_word' id='word_1_42' title='bbox 543 788 680 850; x_wconf 89' lang='lat' dir='ltr'><strong>abierunt</strong></span> <span class='ocrx_word' id='word_1_43' title='bbox 702 792 786 851; x_wconf 88' lang='lat' dir='ltr'><strong>irrita</strong></span> <span class='ocrx_word' id='word_1_44' title='bbox 810 789 940 853; x_wconf 85' lang='lat' dir='ltr'><strong>ventos?</strong></span> 
     </span>
     <span class='ocr_line' id='line_1_8' title="bbox 127 873 850 956; baseline 0.007 -22"><span class='ocrx_word' id='word_1_45' title='bbox 127 874 278 935; x_wconf 82' lang='lat' dir='ltr'><strong>Cunctane</strong></span> <span class='ocrx_word' id='word_1_46' title='bbox 300 873 437 935; x_wconf 80' lang='lat' dir='ltr'>Lethaeis</span> <span class='ocrx_word' id='word_1_47' title='bbox 461 892 557 935; x_wconf 90' lang='lat' dir='ltr'><strong>mersa</strong></span> <span class='ocrx_word' id='word_1_48' title='bbox 581 876 719 937; x_wconf 82' lang='lat' dir='ltr'><strong>feruntur</strong></span> <span class='ocrx_word' id='word_1_49' title='bbox 742 876 850 956; x_wconf 79' lang='lat' dir='ltr'><strong>aquis?</strong></span> 
     </span>
     <span class='ocr_line' id='line_1_9' title="bbox 126 962 962 1047; baseline 0.006 -25"><span class='ocrx_word' id='word_1_50' title='bbox 126 962 190 1022; x_wconf 90' lang='lat' dir='ltr'><strong>Non</strong></span> <span class='ocrx_word' id='word_1_51' title='bbox 215 980 270 1040; x_wconf 77' lang='lat' dir='ltr'><strong>ego</strong></span> <span class='ocrx_word' id='word_1_52' title='bbox 293 969 323 1022; x_wconf 89' lang='lat' dir='ltr'><strong>te</strong></span> <span class='ocrx_word' id='word_1_53' title='bbox 343 963 475 1039; x_wconf 82' lang='lat' dir='ltr'><strong>genitum</strong></span> <span class='ocrx_word' id='word_1_54' title='bbox 498 962 611 1040; x_wconf 88' lang='lat' dir='ltr'><strong>placida</strong></span> <span class='ocrx_word' id='word_1_55' title='bbox 638 982 707 1024; x_wconf 92' lang='lat' dir='ltr'><strong>reor</strong></span> <span class='ocrx_word' id='word_1_56' title='bbox 730 964 803 1025; x_wconf 87' lang='lat' dir='ltr'><strong>urbe</strong></span> <span class='ocrx_word' id='word_1_57' title='bbox 829 966 962 1047; x_wconf 80' lang='lat' dir='ltr'><strong>Quirini,</strong></span> 
     </span>
     <span class='ocr_line' id='line_1_10' title="bbox 126 1049 849 1133; baseline 0.004 -24"><span class='ocrx_word' id='word_1_58' title='bbox 126 1049 206 1110; x_wconf 83' lang='lat' dir='ltr'>Urbe</span> <span class='ocrx_word' id='word_1_59' title='bbox 230 1067 318 1130; x_wconf 92' lang='lat' dir='ltr'><strong>mea,</strong></span> <span class='ocrx_word' id='word_1_60' title='bbox 341 1068 415 1129; x_wconf 89' lang='lat' dir='ltr'><strong>quae</strong></span> <span class='ocrx_word' id='word_1_61' title='bbox 439 1055 497 1110; x_wconf 87' lang='lat' dir='ltr'><strong>iam</strong></span> <span class='ocrx_word' id='word_1_62' title='bbox 520 1067 580 1110; x_wconf 94' lang='lat' dir='ltr'><strong>non</strong></span> <span class='ocrx_word' id='word_1_63' title='bbox 603 1049 736 1112; x_wconf 90' lang='lat' dir='ltr'><strong>adeunda</strong></span> <span class='ocrx_word' id='word_1_64' title='bbox 760 1053 849 1133; x_wconf 92' lang='lat' dir='ltr'><strong>mibi,</strong></span> 
     </span>
     <span class='ocr_line' id='line_1_11' title="bbox 127 1136 1000 1223; baseline 0.007 -27"><span class='ocrx_word' id='word_1_65' title='bbox 127 1137 184 1197; x_wconf 85' lang='lat' dir='ltr'><strong>Sed</strong></span> <span class='ocrx_word' id='word_1_66' title='bbox 209 1136 362 1217; x_wconf 89' lang='lat' dir='ltr'><strong>scopulis,</strong></span> <span class='ocrx_word' id='word_1_67' title='bbox 384 1139 468 1216; x_wconf 91' lang='lat' dir='ltr'><strong>ponti</strong></span> <span class='ocrx_word' id='word_1_68' title='bbox 492 1155 566 1215; x_wconf 93' lang='lat' dir='ltr'><strong>quos</strong></span> <span class='ocrx_word' id='word_1_69' title='bbox 587 1138 660 1198; x_wconf 88' lang='lat' dir='ltr'><strong>baec</strong></span> <span class='ocrx_word' id='word_1_70' title='bbox 683 1138 771 1200; x_wconf 89' lang='lat' dir='ltr'><strong>habet</strong></span> <span class='ocrx_word' id='word_1_71' title='bbox 794 1158 845 1201; x_wconf 90' lang='lat' dir='ltr'><strong>ora</strong></span> <span class='ocrx_word' id='word_1_72' title='bbox 869 1143 1000 1223; x_wconf 80' lang='lat' dir='ltr'><strong>sinistri,</strong></span> 
     </span>
     <span class='ocr_line' id='line_1_12' title="bbox 82 1222 846 1307; baseline 0.001 -22"><span class='ocrx_word' id='word_1_73' title='bbox 82 1236 113 1285; x_wconf 80' lang='lat' dir='ltr'><strong>Ao</strong></span> <span class='ocrx_word' id='word_1_74' title='bbox 126 1223 218 1303; x_wconf 82' lang='lat' dir='ltr'><strong>Inque</strong></span> <span class='ocrx_word' id='word_1_75' title='bbox 243 1225 315 1285; x_wconf 81' lang='lat' dir='ltr'><strong>ieris</strong></span> <span class='ocrx_word' id='word_1_76' title='bbox 339 1222 476 1302; x_wconf 79' lang='lat' dir='ltr'><strong>Scythiae</strong></span> <span class='ocrx_word' id='word_1_77' title='bbox 500 1222 728 1304; x_wconf 82' lang='lat' dir='ltr'><strong>Sarmaticisque</strong></span> <span class='ocrx_word' id='word_1_78' title='bbox 751 1229 846 1307; x_wconf 83' lang='lat' dir='ltr'><strong>iugis,</strong></span> 
     </span>
     <span class='ocr_line' id='line_1_13' title="bbox 126 1312 911 1395; baseline 0.004 -23"><span class='ocrx_word' id='word_1_79' title='bbox 126 1312 164 1372; x_wconf 86' lang='lat' dir='ltr'><strong>Et</strong></span> <span class='ocrx_word' id='word_1_80' title='bbox 186 1320 237 1373; x_wconf 90' lang='lat' dir='ltr'><strong>tua</strong></span> <span class='ocrx_word' id='word_1_81' title='bbox 261 1319 332 1372; x_wconf 89' lang='lat' dir='ltr'><strong>sunt</strong></span> <span class='ocrx_word' id='word_1_82' title='bbox 355 1313 446 1372; x_wconf 90' lang='lat' dir='ltr'><strong>silicis</strong></span> <span class='ocrx_word' id='word_1_83' title='bbox 469 1313 581 1373; x_wconf 91' lang='lat' dir='ltr'><strong>circum</strong></span> <span class='ocrx_word' id='word_1_84' title='bbox 605 1313 777 1391; x_wconf 89' lang='lat' dir='ltr'><strong>praecordia</strong></span> <span class='ocrx_word' id='word_1_85' title='bbox 801 1332 911 1395; x_wconf 87' lang='lat' dir='ltr'><strong>venae,</strong></span> 
     </span>
     <span class='ocr_line' id='line_1_14' title="bbox 125 1399 800 1480; baseline 0.003 -22"><span class='ocrx_word' id='word_1_86' title='bbox 125 1399 162 1460; x_wconf 86' lang='lat' dir='ltr'><strong>Et</strong></span> <span class='ocrx_word' id='word_1_87' title='bbox 184 1400 315 1478; x_wconf 83' lang='lat' dir='ltr'><strong>rigidum</strong></span> <span class='ocrx_word' id='word_1_88' title='bbox 338 1400 411 1460; x_wconf 85' lang='lat' dir='ltr'><strong>ferri</strong></span> <span class='ocrx_word' id='word_1_89' title='bbox 434 1402 545 1459; x_wconf 91' lang='lat' dir='ltr'><strong>semina</strong></span> <span class='ocrx_word' id='word_1_90' title='bbox 567 1408 673 1477; x_wconf 88' lang='lat' dir='ltr'><strong>pectus</strong></span> <span class='ocrx_word' id='word_1_91' title='bbox 695 1399 800 1480; x_wconf 90' lang='lat' dir='ltr'><strong>habet,</strong></span> 
     </span>
     <span class='ocr_line' id='line_1_15' title="bbox 126 1486 999 1584; baseline 0.003 -38"><span class='ocrx_word' id='word_1_92' title='bbox 126 1487 268 1566; x_wconf 84' lang='lat' dir='ltr'><strong>Quaeque</strong></span> <span class='ocrx_word' id='word_1_93' title='bbox 291 1486 346 1548; x_wconf 91' lang='lat' dir='ltr'><strong>tibi</strong></span> <span class='ocrx_word' id='word_1_94' title='bbox 368 1495 473 1548; x_wconf 90' lang='lat' dir='ltr'><strong>tenero</strong></span> <span class='ocrx_word' id='word_1_95' title='bbox 496 1487 644 1565; x_wconf 91' lang='lat' dir='ltr'><strong>quondam</strong></span> <span class='ocrx_word' id='word_1_96' title='bbox 668 1487 801 1548; x_wconf 88' lang='lat' dir='ltr'><strong>ducenda</strong></span> <span class='ocrx_word' id='word_1_97' title='bbox 824 1487 920 1567; x_wconf 88' lang='lat' dir='ltr'><strong>palato</strong></span> <span class='ocrx_word' id='word_1_98' title='bbox 986 1559 999 1584; x_wconf 42' lang='grc' dir='ltr'><strong><em>ο</em></strong></span> 
     </span>
     <span class='ocr_line' id='line_1_16' title="bbox 125 1573 794 1656; baseline 0.004 -22"><span class='ocrx_word' id='word_1_99' title='bbox 125 1574 216 1635; x_wconf 90' lang='lat' dir='ltr'><strong>Plena</strong></span> <span class='ocrx_word' id='word_1_100' title='bbox 240 1574 322 1635; x_wconf 87' lang='lat' dir='ltr'><strong>dedit</strong></span> <span class='ocrx_word' id='word_1_101' title='bbox 345 1576 444 1635; x_wconf 88' lang='lat' dir='ltr'><strong>nutrix</strong></span> <span class='ocrx_word' id='word_1_102' title='bbox 468 1573 582 1656; x_wconf 90' lang='lat' dir='ltr'><strong>ubera,</strong></span> <span class='ocrx_word' id='word_1_103' title='bbox 605 1576 690 1654; x_wconf 84' lang='lat' dir='ltr'><strong>tigris</strong></span> <span class='ocrx_word' id='word_1_104' title='bbox 714 1584 794 1637; x_wconf 89' lang='lat' dir='ltr'><strong>erat:</strong></span> 
     </span>
     <span class='ocr_line' id='line_1_17' title="bbox 78 1658 1043 1747; baseline 0.005 -25"><span class='ocrx_word' id='word_1_105' title='bbox 78 1663 182 1723; x_wconf 78' lang='lat' dir='ltr'><strong>AnAnt</strong></span> <span class='ocrx_word' id='word_1_106' title='bbox 200 1662 275 1723; x_wconf 90' lang='lat' dir='ltr'><strong>mala</strong></span> <span class='ocrx_word' id='word_1_107' title='bbox 298 1670 399 1723; x_wconf 92' lang='lat' dir='ltr'><strong>nostra</strong></span> <span class='ocrx_word' id='word_1_108' title='bbox 418 1664 533 1742; x_wconf 93' lang='lat' dir='ltr'><strong>minus,</strong></span> <span class='ocrx_word' id='word_1_109' title='bbox 556 1680 643 1741; x_wconf 93' lang='lat' dir='ltr'><strong>quam</strong></span> <span class='ocrx_word' id='word_1_110' title='bbox 666 1681 764 1744; x_wconf 93' lang='lat' dir='ltr'><strong>nunc,</strong></span> <span class='ocrx_word' id='word_1_111' title='bbox 787 1663 880 1725; x_wconf 88' lang='lat' dir='ltr'><strong>aliena</strong></span> <span class='ocrx_word' id='word_1_112' title='bbox 904 1658 1043 1747; x_wconf 85' lang='lat' dir='ltr'><strong>putares,</strong></span> 
     </span>
     <span class='ocr_line' id='line_1_18' title="bbox 124 1749 750 1828; baseline 0.003 -19"><span class='ocrx_word' id='word_1_113' title='bbox 124 1750 316 1828; x_wconf 88' lang='lat' dir='ltr'><strong>Duritiaeque</strong></span> <span class='ocrx_word' id='word_1_114' title='bbox 339 1749 411 1809; x_wconf 92' lang='lat' dir='ltr'><strong>mibi</strong></span> <span class='ocrx_word' id='word_1_115' title='bbox 434 1767 493 1808; x_wconf 95' lang='lat' dir='ltr'><strong>non</strong></span> <span class='ocrx_word' id='word_1_116' title='bbox 517 1767 637 1828; x_wconf 83' lang='lat' dir='ltr'><strong>agerere</strong></span> <span class='ocrx_word' id='word_1_117' title='bbox 661 1768 750 1811; x_wconf 91' lang='lat' dir='ltr'><strong>reus.</strong></span> 
     </span>
     <span class='ocr_line' id='line_1_19' title="bbox 125 1835 1020 1920; baseline 0.004 -25"><span class='ocrx_word' id='word_1_118' title='bbox 125 1835 183 1897; x_wconf 88' lang='lat' dir='ltr'><strong>Sed</strong></span> <span class='ocrx_word' id='word_1_119' title='bbox 208 1840 346 1915; x_wconf 90' lang='lat' dir='ltr'><strong>quoniam</strong></span> <span class='ocrx_word' id='word_1_120' title='bbox 370 1835 484 1896; x_wconf 88' lang='lat' dir='ltr'><strong>accedit</strong></span> <span class='ocrx_word' id='word_1_121' title='bbox 507 1836 644 1897; x_wconf 83' lang='lat' dir='ltr'><strong>fatalibus</strong></span> <span class='ocrx_word' id='word_1_122' title='bbox 667 1837 723 1898; x_wconf 92' lang='lat' dir='ltr'><strong>hoc</strong></span> <span class='ocrx_word' id='word_1_123' title='bbox 746 1855 864 1917; x_wconf 92' lang='lat' dir='ltr'><strong>quoque</strong></span> <span class='ocrx_word' id='word_1_124' title='bbox 888 1837 1020 1920; x_wconf 89' lang='lat' dir='ltr'><strong>damnis,</strong></span> 
     </span>
     <span class='ocr_line' id='line_1_20' title="bbox 125 1924 839 2006; baseline 0.004 -23"><span class='ocrx_word' id='word_1_125' title='bbox 125 1924 165 1983; x_wconf 89' lang='lat' dir='ltr'><strong>Ut</strong></span> <span class='ocrx_word' id='word_1_126' title='bbox 187 1932 307 1984; x_wconf 85' lang='lat' dir='ltr'><strong>careant</strong></span> <span class='ocrx_word' id='word_1_127' title='bbox 331 1926 462 1984; x_wconf 89' lang='lat' dir='ltr'><strong>numeris</strong></span> <span class='ocrx_word' id='word_1_128' title='bbox 486 1930 619 2003; x_wconf 90' lang='lat' dir='ltr'><strong>tempora</strong></span> <span class='ocrx_word' id='word_1_129' title='bbox 642 1927 736 2004; x_wconf 88' lang='lat' dir='ltr'><strong>prima</strong></span> <span class='ocrx_word' id='word_1_130' title='bbox 760 1929 839 2006; x_wconf 91' lang='lat' dir='ltr'><strong>suis,</strong></span> 
     </span>
     <span class='ocr_line' id='line_1_21' title="bbox 124 2011 908 2092; baseline 0.004 -22"><span class='ocrx_word' id='word_1_131' title='bbox 124 2011 235 2092; x_wconf 84' lang='lat' dir='ltr'><strong>Effice,</strong></span> <span class='ocrx_word' id='word_1_132' title='bbox 258 2014 372 2090; x_wconf 89' lang='lat' dir='ltr'><strong>peccati</strong></span> <span class='ocrx_word' id='word_1_133' title='bbox 396 2029 432 2071; x_wconf 92' lang='lat' dir='ltr'><strong>ne</strong></span> <span class='ocrx_word' id='word_1_134' title='bbox 457 2013 512 2070; x_wconf 89' lang='lat' dir='ltr'><strong>sim</strong></span> <span class='ocrx_word' id='word_1_135' title='bbox 537 2030 649 2072; x_wconf 92' lang='lat' dir='ltr'><strong>memor</strong></span> <span class='ocrx_word' id='word_1_136' title='bbox 672 2011 761 2073; x_wconf 89' lang='lat' dir='ltr'><strong>huius</strong></span> <span class='ocrx_word' id='word_1_137' title='bbox 774 2059 782 2092; x_wconf 94' lang='lat'><strong>,</strong></span> <span class='ocrx_word' id='word_1_138' title='bbox 806 2021 837 2073; x_wconf 90' lang='lat' dir='ltr'><strong>et</strong></span> <span class='ocrx_word' id='word_1_139' title='bbox 859 2012 908 2073; x_wconf 89' lang='lat' dir='ltr'><strong>illo</strong></span> 
     </span>
     <span class='ocr_line' id='line_1_22' title="bbox 77 2097 856 2181; baseline 0.004 -23"><span class='ocrx_word' id='word_1_140' title='bbox 77 2110 111 2159; x_wconf 78' lang='lat'><strong>50</strong></span> <span class='ocrx_word' id='word_1_141' title='bbox 126 2097 265 2159; x_wconf 85' lang='lat' dir='ltr'><strong>Officium</strong></span> <span class='ocrx_word' id='word_1_142' title='bbox 288 2098 427 2178; x_wconf 87' lang='lat' dir='ltr'><strong>laudem,</strong></span> <span class='ocrx_word' id='word_1_143' title='bbox 451 2115 510 2176; x_wconf 93' lang='lat' dir='ltr'><strong>quo</strong></span> <span class='ocrx_word' id='word_1_144' title='bbox 534 2116 644 2178; x_wconf 89' lang='lat' dir='ltr'><strong>queror</strong></span> <span class='ocrx_word' id='word_1_145' title='bbox 657 2146 666 2181; x_wconf 97' lang='lat'><strong>,</strong></span> <span class='ocrx_word' id='word_1_146' title='bbox 689 2118 740 2160; x_wconf 92' lang='lat' dir='ltr'><strong>ore</strong></span> <span class='ocrx_word' id='word_1_147' title='bbox 764 2110 856 2161; x_wconf 93' lang='lat' dir='ltr'><strong>tuum.</strong></span> 
     </span>
    </p>
   </div>
   <div class='ocr_carea' id='block_1_6' title="bbox 412 2289 589 2361">
    <p class='ocr_par' dir='ltr' id='par_1_6' title="bbox 412 2289 589 2361">
     <span class='ocr_line' id='line_1_23' title="bbox 412 2289 589 2361; baseline 0 -1"><span class='ocrx_word' id='word_1_148' title='bbox 412 2317 414 2323; x_wconf 55' lang='lat'><strong><em>¹</em></strong></span> <span class='ocrx_word' id='word_1_149' title='bbox 476 2289 589 2361; x_wconf 91' lang='lat' dir='ltr'><strong>VIIH.</strong></span> 
     </span>
    </p>
   </div>
   <div class='ocr_carea' id='block_1_7' title="bbox 76 2446 1010 3652">
    <p class='ocr_par' dir='ltr' id='par_1_7' title="bbox 123 2446 861 2528">
     <span class='ocr_line' id='line_1_24' title="bbox 123 2446 861 2528; baseline -0.003 -20"><span class='ocrx_word' id='word_1_150' title='bbox 123 2449 220 2509; x_wconf 91' lang='lat' dir='ltr'><strong>Detur</strong></span> <span class='ocrx_word' id='word_1_151' title='bbox 242 2448 387 2508; x_wconf 80' lang='lat' dir='ltr'><strong>inoffenso</strong></span> <span class='ocrx_word' id='word_1_152' title='bbox 410 2449 486 2509; x_wconf 86' lang='lat' dir='ltr'><strong>ritae</strong></span> <span class='ocrx_word' id='word_1_153' title='bbox 510 2446 565 2506; x_wconf 90' lang='lat' dir='ltr'><strong>tibi</strong></span> <span class='ocrx_word' id='word_1_154' title='bbox 587 2454 707 2525; x_wconf 83' lang='lat' dir='ltr'><strong>tangere</strong></span> <span class='ocrx_word' id='word_1_155' title='bbox 731 2455 838 2508; x_wconf 91' lang='lat' dir='ltr'><strong>metam</strong></span> <span class='ocrx_word' id='word_1_156' title='bbox 850 2493 861 2528; x_wconf 92' lang='lat'><strong>,</strong></span> 
     </span>
    </p>

    <p class='ocr_par' dir='ltr' id='par_1_8' title="bbox 124 2534 827 2614">
     <span class='ocr_line' id='line_1_25' title="bbox 124 2534 827 2614; baseline -0.003 -18"><span class='ocrx_word' id='word_1_157' title='bbox 124 2536 182 2606; x_wconf 91' lang='lat' dir='ltr'><strong>Qui</strong></span> <span class='ocrx_word' id='word_1_158' title='bbox 205 2535 280 2614; x_wconf 85' lang='lat' dir='ltr'><strong>legis</strong></span> <span class='ocrx_word' id='word_1_159' title='bbox 303 2534 359 2595; x_wconf 92' lang='lat' dir='ltr'><strong>hoc</strong></span> <span class='ocrx_word' id='word_1_160' title='bbox 383 2534 467 2596; x_wconf 93' lang='lat' dir='ltr'><strong>nobis</strong></span> <span class='ocrx_word' id='word_1_161' title='bbox 490 2552 549 2595; x_wconf 93' lang='lat' dir='ltr'><strong>non</strong></span> <span class='ocrx_word' id='word_1_162' title='bbox 572 2536 710 2594; x_wconf 91' lang='lat' dir='ltr'><strong>inimicus</strong></span> <span class='ocrx_word' id='word_1_163' title='bbox 734 2552 827 2612; x_wconf 91' lang='lat' dir='ltr'><strong>opus.</strong></span> 
     </span>
    </p>

    <p class='ocr_par' dir='ltr' id='par_1_9' title="bbox 123 2621 944 2705">
     <span class='ocr_line' id='line_1_26' title="bbox 123 2621 944 2705; baseline 0 -21"><span class='ocrx_word' id='word_1_164' title='bbox 123 2624 218 2702; x_wconf 81' lang='lat' dir='ltr'><strong>Atque</strong></span> <span class='ocrx_word' id='word_1_165' title='bbox 243 2624 356 2682; x_wconf 90' lang='lat' dir='ltr'><strong>utinam</strong></span> <span class='ocrx_word' id='word_1_166' title='bbox 377 2641 432 2701; x_wconf 92' lang='lat' dir='ltr'><strong>pro</strong></span> <span class='ocrx_word' id='word_1_167' title='bbox 456 2630 485 2682; x_wconf 88' lang='lat' dir='ltr'><strong>te</strong></span> <span class='ocrx_word' id='word_1_168' title='bbox 508 2629 631 2701; x_wconf 86' lang='lat' dir='ltr'><strong>possent</strong></span> <span class='ocrx_word' id='word_1_169' title='bbox 653 2639 717 2682; x_wconf 91' lang='lat' dir='ltr'><strong>mea</strong></span> <span class='ocrx_word' id='word_1_170' title='bbox 740 2627 806 2681; x_wconf 88' lang='lat' dir='ltr'><strong>vota</strong></span> <span class='ocrx_word' id='word_1_171' title='bbox 829 2621 944 2705; x_wconf 88' lang='lat' dir='ltr'><strong>valere,</strong></span> 
     </span>
    </p>

    <p class='ocr_par' dir='ltr' id='par_1_10' title="bbox 92 2707 930 2876">
     <span class='ocr_line' id='line_1_27' title="bbox 124 2707 810 2789; baseline 0 -19"><span class='ocrx_word' id='word_1_172' title='bbox 124 2711 206 2781; x_wconf 91' lang='lat' dir='ltr'><strong>Quae</strong></span> <span class='ocrx_word' id='word_1_173' title='bbox 229 2727 284 2789; x_wconf 95' lang='lat' dir='ltr'><strong>pro</strong></span> <span class='ocrx_word' id='word_1_174' title='bbox 307 2728 354 2770; x_wconf 93' lang='lat' dir='ltr'><strong>me</strong></span> <span class='ocrx_word' id='word_1_175' title='bbox 378 2710 468 2770; x_wconf 87' lang='lat' dir='ltr'><strong>duros</strong></span> <span class='ocrx_word' id='word_1_176' title='bbox 491 2728 549 2770; x_wconf 92' lang='lat' dir='ltr'><strong>non</strong></span> <span class='ocrx_word' id='word_1_177' title='bbox 574 2712 698 2789; x_wconf 80' lang='lat' dir='ltr'><strong>tetigere</strong></span> <span class='ocrx_word' id='word_1_178' title='bbox 722 2707 810 2770; x_wconf 77' lang='lat' dir='ltr'><strong>deest</strong></span> 
     </span>
     <span class='ocr_line' id='line_1_28' title="bbox 92 2796 930 2876; baseline 0.005 -18"><span class='ocrx_word' id='word_1_179' title='bbox 92 2798 224 2858; x_wconf 67' lang='lat' dir='ltr'><strong>clionee</strong></span> <span class='ocrx_word' id='word_1_180' title='bbox 248 2799 307 2858; x_wconf 89' lang='lat' dir='ltr'><strong>eris</strong></span> <span class='ocrx_word' id='word_1_181' title='bbox 331 2815 455 2876; x_wconf 88' lang='lat' dir='ltr'><strong>sospes,</strong></span> <span class='ocrx_word' id='word_1_182' title='bbox 479 2796 587 2859; x_wconf 89' lang='lat' dir='ltr'><strong>multos</strong></span> <span class='ocrx_word' id='word_1_183' title='bbox 609 2797 779 2859; x_wconf 89' lang='lat' dir='ltr'><strong>numerabis</strong></span> <span class='ocrx_word' id='word_1_184' title='bbox 802 2800 930 2862; x_wconf 88' lang='lat' dir='ltr'><strong>amicos:</strong></span> 
     </span>
    </p>

    <p class='ocr_par' dir='ltr' id='par_1_11' title="bbox 124 2884 803 2965">
     <span class='ocr_line' id='line_1_29' title="bbox 124 2884 803 2965; baseline 0.003 -20"><span class='ocrx_word' id='word_1_185' title='bbox 124 2885 271 2964; x_wconf 82' lang='lat' dir='ltr'><strong>Tempora</strong></span> <span class='ocrx_word' id='word_1_186' title='bbox 295 2887 320 2945; x_wconf 91' lang='lat' dir='ltr'><strong>si</strong></span> <span class='ocrx_word' id='word_1_187' title='bbox 344 2886 455 2945; x_wconf 82' lang='lat' dir='ltr'><strong>suerint</strong></span> <span class='ocrx_word' id='word_1_188' title='bbox 477 2884 599 2965; x_wconf 89' lang='lat' dir='ltr'><strong>nubila,</strong></span> <span class='ocrx_word' id='word_1_189' title='bbox 622 2885 703 2946; x_wconf 89' lang='lat' dir='ltr'><strong>solus</strong></span> <span class='ocrx_word' id='word_1_190' title='bbox 727 2888 803 2948; x_wconf 88' lang='lat' dir='ltr'><strong>eris.</strong></span> 
     </span>
    </p>

    <p class='ocr_par' dir='ltr' id='par_1_12' title="bbox 122 2972 955 3056">
     <span class='ocr_line' id='line_1_30' title="bbox 122 2972 955 3056; baseline 0.004 -24"><span class='ocrx_word' id='word_1_191' title='bbox 122 2973 261 3053; x_wconf 75' lang='lat' dir='ltr'><strong>Aspicis,</strong></span> <span class='ocrx_word' id='word_1_192' title='bbox 284 2980 318 3033; x_wconf 89' lang='lat' dir='ltr'><strong>ut</strong></span> <span class='ocrx_word' id='word_1_193' title='bbox 340 2975 459 3033; x_wconf 84' lang='lat' dir='ltr'><strong>veniant</strong></span> <span class='ocrx_word' id='word_1_194' title='bbox 481 2972 517 3032; x_wconf 88' lang='lat' dir='ltr'><strong>ad</strong></span> <span class='ocrx_word' id='word_1_195' title='bbox 540 2972 661 3034; x_wconf 92' lang='lat' dir='ltr'><strong>candida</strong></span> <span class='ocrx_word' id='word_1_196' title='bbox 684 2981 761 3034; x_wconf 89' lang='lat' dir='ltr'><strong>tecta</strong></span> <span class='ocrx_word' id='word_1_197' title='bbox 785 2974 955 3056; x_wconf 88' lang='lat' dir='ltr'><strong>columbae,</strong></span> 
     </span>
    </p>

    <p class='ocr_par' dir='ltr' id='par_1_13' title="bbox 123 3059 744 3140">
     <span class='ocr_line' id='line_1_31' title="bbox 123 3059 744 3140; baseline 0.002 -19"><span class='ocrx_word' id='word_1_198' title='bbox 123 3060 254 3140; x_wconf 79' lang='lat' dir='ltr'><strong>Accipiat</strong></span> <span class='ocrx_word' id='word_1_199' title='bbox 277 3059 372 3121; x_wconf 85' lang='lat' dir='ltr'><strong>nullas</strong></span> <span class='ocrx_word' id='word_1_200' title='bbox 396 3060 513 3124; x_wconf 90' lang='lat' dir='ltr'><strong>sordida</strong></span> <span class='ocrx_word' id='word_1_201' title='bbox 537 3063 628 3122; x_wconf 93' lang='lat' dir='ltr'><strong>turris</strong></span> <span class='ocrx_word' id='word_1_202' title='bbox 651 3059 744 3122; x_wconf 79' lang='lat' dir='ltr'><strong>aves?</strong></span> 
     </span>
    </p>

    <p class='ocr_par' dir='ltr' id='par_1_14' title="bbox 76 3147 928 3316">
     <span class='ocr_line' id='line_1_32' title="bbox 121 3147 928 3227; baseline 0.001 -20"><span class='ocrx_word' id='word_1_203' title='bbox 121 3148 236 3209; x_wconf 91' lang='lat' dir='ltr'><strong>Horrea</strong></span> <span class='ocrx_word' id='word_1_204' title='bbox 260 3149 399 3209; x_wconf 80' lang='lat' dir='ltr'><strong>formicae</strong></span> <span class='ocrx_word' id='word_1_205' title='bbox 422 3147 549 3209; x_wconf 87' lang='lat' dir='ltr'><strong>tendunt</strong></span> <span class='ocrx_word' id='word_1_206' title='bbox 571 3149 607 3208; x_wconf 89' lang='lat' dir='ltr'><strong>ad</strong></span> <span class='ocrx_word' id='word_1_207' title='bbox 630 3151 727 3210; x_wconf 91' lang='lat' dir='ltr'><strong>inania</strong></span> <span class='ocrx_word' id='word_1_208' title='bbox 750 3165 928 3227; x_wconf 88' lang='lat' dir='ltr'><strong>numquam:</strong></span> 
     </span>
     <span class='ocr_line' id='line_1_33' title="bbox 76 3235 757 3316; baseline -0.003 -19"><span class='ocrx_word' id='word_1_209' title='bbox 76 3248 109 3297; x_wconf 87' lang='lat'><strong>10</strong></span> <span class='ocrx_word' id='word_1_210' title='bbox 123 3235 228 3297; x_wconf 89' lang='lat' dir='ltr'><strong>Nullus</strong></span> <span class='ocrx_word' id='word_1_211' title='bbox 252 3237 288 3297; x_wconf 92' lang='lat' dir='ltr'><strong>ad</strong></span> <span class='ocrx_word' id='word_1_212' title='bbox 312 3238 433 3296; x_wconf 91' lang='lat' dir='ltr'><strong>amissas</strong></span> <span class='ocrx_word' id='word_1_213' title='bbox 457 3235 513 3296; x_wconf 89' lang='lat' dir='ltr'><strong>ibit</strong></span> <span class='ocrx_word' id='word_1_214' title='bbox 535 3239 645 3297; x_wconf 89' lang='lat' dir='ltr'><strong>amicus</strong></span> <span class='ocrx_word' id='word_1_215' title='bbox 669 3254 757 3316; x_wconf 90' lang='lat' dir='ltr'><strong>opes.</strong></span> 
     </span>
    </p>

    <p class='ocr_par' dir='ltr' id='par_1_15' title="bbox 121 3321 1010 3404">
     <span class='ocr_line' id='line_1_34' title="bbox 121 3321 1010 3404; baseline -0.001 -20"><span class='ocrx_word' id='word_1_216' title='bbox 121 3323 220 3403; x_wconf 90' lang='lat' dir='ltr'><strong>thue</strong></span> <span class='ocrx_word' id='word_1_217' title='bbox 244 3342 343 3385; x_wconf 92' lang='lat' dir='ltr'><strong>comes</strong></span> <span class='ocrx_word' id='word_1_218' title='bbox 366 3324 464 3383; x_wconf 91' lang='lat' dir='ltr'><strong>radios</strong></span> <span class='ocrx_word' id='word_1_219' title='bbox 486 3341 540 3403; x_wconf 93' lang='lat' dir='ltr'><strong>per</strong></span> <span class='ocrx_word' id='word_1_220' title='bbox 564 3324 633 3384; x_wconf 85' lang='lat' dir='ltr'><strong>solis</strong></span> <span class='ocrx_word' id='word_1_221' title='bbox 657 3321 795 3384; x_wconf 93' lang='lat' dir='ltr'><strong>euntibus</strong></span> <span class='ocrx_word' id='word_1_222' title='bbox 819 3321 923 3383; x_wconf 88' lang='lat' dir='ltr'><strong>umbra</strong></span> <span class='ocrx_word' id='word_1_223' title='bbox 947 3329 1010 3404; x_wconf 89' lang='lat' dir='ltr'><strong>est,</strong></span> 
     </span>
    </p>

    <p class='ocr_par' dir='ltr' id='par_1_16' title="bbox 123 3409 869 3492">
     <span class='ocr_line' id='line_1_35' title="bbox 123 3409 869 3492; baseline -0.003 -20"><span class='ocrx_word' id='word_1_224' title='bbox 123 3412 196 3472; x_wconf 86' lang='lat' dir='ltr'><strong>Cum</strong></span> <span class='ocrx_word' id='word_1_225' title='bbox 220 3412 291 3472; x_wconf 90' lang='lat' dir='ltr'><strong>latet</strong></span> <span class='ocrx_word' id='word_1_226' title='bbox 313 3412 362 3472; x_wconf 92' lang='lat' dir='ltr'><strong>bic</strong></span> <span class='ocrx_word' id='word_1_227' title='bbox 385 3428 506 3490; x_wconf 88' lang='lat' dir='ltr'><strong>pressus</strong></span> <span class='ocrx_word' id='word_1_228' title='bbox 529 3410 681 3492; x_wconf 89' lang='lat' dir='ltr'><strong>nubibus,</strong></span> <span class='ocrx_word' id='word_1_229' title='bbox 704 3409 752 3469; x_wconf 88' lang='lat' dir='ltr'><strong>illa</strong></span> <span class='ocrx_word' id='word_1_230' title='bbox 776 3410 869 3491; x_wconf 80' lang='lat' dir='ltr'><strong>fugit,</strong></span> 
     </span>
    </p>

    <p class='ocr_par' dir='ltr' id='par_1_17' title="bbox 85 3497 910 3652">
     <span class='ocr_line' id='line_1_36' title="bbox 122 3497 910 3585; baseline 0.001 -27"><span class='ocrx_word' id='word_1_231' title='bbox 122 3498 229 3559; x_wconf 87' lang='lat' dir='ltr'><strong>Mobile</strong></span> <span class='ocrx_word' id='word_1_232' title='bbox 253 3501 455 3585; x_wconf 48' lang='lat' dir='ltr'><strong>siessequitur</strong></span> <span class='ocrx_word' id='word_1_233' title='bbox 477 3499 625 3559; x_wconf 87' lang='lat' dir='ltr'><strong>Fortunae</strong></span> <span class='ocrx_word' id='word_1_234' title='bbox 649 3499 758 3559; x_wconf 81' lang='lat' dir='ltr'><strong>lumina</strong></span> <span class='ocrx_word' id='word_1_235' title='bbox 781 3497 910 3578; x_wconf 71' lang='lat' dir='ltr'><strong>vulgus:</strong></span> 
     </span>
     <span class='ocr_line' id='line_1_37' title="bbox 85 3604 878 3652; baseline 0.004 -3"><span class='ocrx_word' id='word_1_236' title='bbox 85 3606 168 3650; x_wconf 84' lang='lat' dir='ltr'><strong>ovm.</strong></span> <span class='ocrx_word' id='word_1_237' title='bbox 196 3609 241 3648; x_wconf 91' lang='lat'>111.</span> <span class='ocrx_word' id='word_1_238' title='bbox 862 3604 878 3652; x_wconf 77' lang='lat'><strong>2</strong></span> 
     </span>
    </p>
   </div>
   <div class='ocr_carea' id='block_1_8' title="bbox 0 0 1210 3892">
    <p class='ocr_par' dir='ltr' id='par_1_18' title="bbox 0 0 1210 3892">
     <span class='ocr_line' id='line_1_38' title="bbox 0 0 1210 3892; baseline 0 0"><span class='ocrx_word' id='word_1_239' title='bbox 0 0 1210 3892; x_wconf 95' lang='lat' dir='ltr'><strong> </strong></span> 
     </span>
    </p>
   </div>
  </div>
 </body>
</html>
