2386 3892
435 202 470 251 11.
489 203 618 253 oto-111
631 205 673 253 45.
989 200 1053 266 259

138 365 222 424 'ltine
242 382 361 442 quoque
380 365 501 423 inermis
521 381 586 423 eras
597 410 606 442 ,
626 382 694 424 eum
716 372 744 425 te
763 363 892 426 Romana
916 366 1053 427 sacerdos

90 466 123 513 10
183 451 288 531 Cepit,
312 459 347 512 ut
369 451 438 512 huic
461 449 533 511 Urbi
556 454 668 512 semina
691 451 777 531 digna
800 451 903 514 dares.

139 539 227 599 Silvia
250 538 374 600 Vestalis
399 572 431 580 -
456 539 526 618 quid
551 542 628 599 enlm
652 547 731 600 vetat
753 539 821 601 inde
846 539 984 602 moveri?
1002 571 1035 584 -

184 627 272 688 Sacra
295 627 440 688 lavaturas
464 645 548 687 mane
571 627 690 706 petebat
713 646 819 707 aquas.

139 715 264 777 Ventum
289 726 351 775 erat
374 716 409 775 ad
434 715 513 774 molli
537 714 678 775 declivem
702 718 818 776 tramite
841 718 952 796 ripam:

181 804 306 863 Ponitur
330 821 345 863 e
369 820 483 862 summa
506 802 604 862 fictilis
627 821 700 863 trrna
724 822 824 866 coma:

91 904 123 951 15
139 891 227 951 Fessa
251 891 361 950 resedit
383 890 495 970 hermo,
518 899 681 969 ventosque
705 893 818 970 accepit
840 900 942 970 aperto

182 979 329 1060 Pectore,
353 977 485 1038 turbatas
508 980 698 1057 restituitque
722 997 836 1040 comas.

138 1067 213 1126 Dum
237 1065 343 1147 sedet,
367 1064 522 1126 umbrosae
545 1066 650 1127 salices
674 1067 867 1146 volucresque
891 1085 1014 1128 canorae

184 1155 331 1214 Fecerunt
353 1171 472 1214 somnos
495 1163 525 1214 et
548 1152 610 1214 leve
633 1172 769 1215 murmur
792 1173 902 1233 aquae.

139 1242 247 1302 Blanda
270 1245 355 1319 quies
379 1241 481 1302 furtim
505 1244 588 1302 victis
612 1242 744 1321 obrepsit
767 1243 885 1320 ocellis,

90 1344 124 1391 20
183 1330 221 1390 Et
244 1330 321 1390 cadit
344 1348 359 1388 a
383 1339 482 1391 mento
506 1329 641 1408 languida
664 1330 740 1391 lacta
762 1347 882 1391 manus.

138 1418 215 1478 Mars
239 1418 317 1478 videt
339 1417 414 1477 hanc
425 1465 434 1498 ,
458 1420 607 1495 visamque
627 1420 728 1498 cupit,
746 1419 918 1496 potiturque
938 1421 1052 1498 cupita,

182 1505 220 1565 Et
242 1523 295 1566 sua
318 1505 415 1566 divina
439 1505 516 1566 lurta
540 1504 643 1566 lelellit
666 1523 738 1585 ope.

140 1593 267 1653 Somnus
290 1593 371 1672 abit,
394 1595 471 1654 iacet
492 1592 541 1654 illa
564 1595 682 1672 gravis.
723 1594 780 1653 iam
804 1592 917 1654 scilicet
939 1595 1016 1669 intra

183 1680 301 1741 Viscera
323 1679 471 1742 Romanae
494 1680 629 1742 conditor
652 1679 740 1741 Urbis
763 1690 845 1742 erat.

89 1783 123 1830 25
138 1768 287 1847 Languida
310 1771 484 1848 consurgit,
512 1787 567 1830 nec
591 1770 668 1849 scit,
698 1787 752 1830 cnr
775 1768 909 1848 languida
934 1777 1053 1849 surgat,

183 1856 220 1916 Et
243 1859 356 1935 peragit
379 1857 444 1917 talis
468 1855 573 1917 arbore
596 1859 664 1918 nixa
687 1875 793 1919 sonos:

139 1940 231 2003 ‘Utile
255 1946 293 2005 sit
316 1944 526 2027 faustumque,
549 1963 677 2025 precor,
705 1945 783 2024 quod
809 1946 934 2023 imagine
959 1946 1054 2005 somni

183 2030 336 2092 Vidimus.
378 2051 415 2093 an
438 2049 542 2092 somno
565 2032 673 2093 clarius
697 2032 768 2095 illud
792 2029 881 2094 erat?

138 2119 257 2198 lgnibus
281 2119 376 2180 lliacis
399 2120 539 2201 aderam,
562 2138 630 2182 cum
652 2121 733 2200 lapsa
757 2120 868 2201 capillis
910 2157 914 2164 ·

90 2221 124 2268 30
184 2207 299 2267 Decidit
321 2214 388 2266 ante
412 2225 513 2268 sacros
536 2209 618 2269 lanea
642 2210 712 2269 vitta
735 2210 833 2270 locos.

139 2294 208 2379 lnde
233 2293 307 2354 darae
330 2296 463 2375 pariter,
486 2298 549 2356 visu
575 2295 728 2375 mirabile,
752 2297 864 2375 palmae

184 2383 337 2460 Surgunt.
378 2400 414 2443 ex
438 2382 496 2444 illis
518 2383 609 2445 altera
632 2385 725 2444 maior
748 2391 828 2463 erat,

138 2470 176 2530 Et
199 2469 336 2548 gravibus
359 2473 449 2531 ramis
473 2479 566 2533 totum
590 2480 760 2550 protexerat
781 2469 902 2550 orbem,

183 2558 411 2637 contigeratque
435 2576 487 2619 sua
510 2560 606 2620 sidera
630 2576 744 2620 summa
767 2576 867 2619 coma.

90 2660 123 2708 35
139 2646 216 2706 Ecce
240 2664 324 2707 mens
347 2647 460 2707 lerrum
483 2657 607 2727 patruus
630 2647 751 2708 molitur
772 2647 804 2707 in
826 2645 907 2708 illas.

182 2735 311 2795 Terreor
334 2735 507 2815 admonitu,
531 2753 641 2814 corque
665 2736 771 2796 timore
793 2735 898 2795 micat.

139 2822 264 2902 Martia,
287 2825 395 2903 picus,
418 2825 480 2883 avis
503 2826 620 2901 gemino
642 2840 697 2902 pro
720 2824 819 2903 stipite
843 2830 974 2902 pugnant

182 2910 220 2971 Et
242 2910 332 2989 lupa.
373 2918 437 2972 tuta
458 2929 513 2990 per
536 2910 590 2971 hos
613 2919 739 2990 utraque
762 2911 856 2991 palma
881 2904 969 2971 luit.'

139 2999 279 3078 Dixerat,
303 3006 332 3073 et
354 2999 471 3078 plenam
494 3017 553 3059 non
577 2999 669 3060 tirmis
693 2997 804 3061 viribus
827 3015 931 3059 urnam

90 3099 124 3147 40
185 3086 331 3148 Sustulit.
373 3086 530 3167 implerat,
554 3087 625 3148 dum
648 3105 700 3148 sua
725 3089 784 3147 visa
807 3086 915 3145 refert.

138 3174 254 3235 lnterea
278 3182 431 3235 crescente
455 3173 569 3254 Remo,
593 3181 746 3236 crescente
770 3173 911 3252 Quirino,

184 3262 309 3323 Caelesti
332 3261 463 3322 tumidus
486 3262 617 3341 pondere
640 3267 744 3320 venter
767 3266 846 3318 erat.

139 3348 203 3418 Quo
228 3353 325 3410 minus
349 3352 480 3410 emeritis
505 3351 598 3410 exiret
620 3343 759 3408 cursibus
782 3361 894 3424 annus,

183 3437 343 3498 Restabant
366 3437 459 3497 nitido
483 3439 540 3496 iam
564 3434 622 3495 duo
645 3435 728 3512 signa
751 3432 824 3493 deo.

90 3537 124 3584 45
140 3524 228 3583 Silvia
251 3525 285 3583 lit
308 3531 423 3584 mater:
454 3522 559 3583 Vestae
583 3521 739 3582 simulacra
762 3521 899 3582 seruntur

843 3618 897 3674 17*
