2386 3892
470 200 501 251 V.
521 201 668 252 ebt-⁷22.

156 361 235 420 Talia
259 361 423 422 Mercurius
446 370 602 441 poscentes
626 362 704 423 ridet
726 352 762 422 a'b
786 358 880 442 alto,

201 448 238 508 Se
262 467 374 509 memor
397 448 532 529 Ortygias
556 452 737 528 surripuisse
760 448 868 510 boves.

497 613 549 677 20.
572 610 633 677 DO

155 757 191 814 At
215 756 284 816 mihi
307 755 423 835 pande,
447 772 575 834 precor,
599 763 679 815 tanto
703 753 824 815 meliora
846 757 976 836 petenti,

198 842 231 901 ln
255 843 394 903 Geminos
418 861 452 904 ex
477 860 535 921 quo
559 850 691 921 tempore
714 840 851 902 Phoebus
874 849 939 902 eat.

87 944 140 991 ene
157 926 247 989 ‘Cum
271 930 393 991 totidem
417 929 453 990 de
476 948 577 991 mense
601 929 665 991 dies
688 947 844 1008 superesse
868 926 998 1015 videbis,

200 1017 277 1088 Quot
301 1028 370 1078 snut
392 1017 531 1078 Herculei
554 1019 629 1078 laeta
652 1010 776 1078 laboris’
800 1019 856 1077 ait.

155 1100 238 1164 ‘Die’
262 1125 316 1184 ego
340 1105 479 1185 respondi
502 1101 636 1166 ‘eausam
660 1104 733 1166 mihi
755 1104 861 1165 sideris
882 1099 1006 1166 huius.’

199 1192 322 1252 Causam
345 1193 471 1254 ineundo
494 1193 622 1254 reddidit
644 1211 696 1255 ere
719 1193 812 1254 deus:

156 1275 360 1341 ‘Abstulerant
382 1289 480 1360 raptas
503 1280 643 1343 Phoeben
664 1278 858 1360 Phoebesque
882 1298 1016 1343 sororem

87 1380 140 1429 700
199 1368 381 1446 Tyndaridae
404 1369 533 1448 fratres,
556 1367 604 1429 bie
627 1386 742 1450 eques,
764 1366 813 1428 ille
836 1368 935 1448 pugil.

154 1455 232 1515 Bella
255 1466 380 1536 parant,
403 1463 602 1536 repetuntque
624 1474 693 1517 suas
716 1463 747 1517 et
769 1455 860 1517 nater
882 1465 913 1517 et
935 1455 1018 1537 ldas,

198 1542 347 1622 Leucippo
370 1545 435 1604 lieri
458 1553 562 1624 paetus
585 1552 711 1623 uterque
734 1561 843 1622 gener.

154 1625 206 1690 His
229 1649 312 1691 amor
324 1679 334 1712 ,
356 1641 389 1693 ut
412 1640 568 1714 repetant,
591 1631 671 1713 illis,
694 1640 728 1693 ut
750 1630 875 1692 reddere
899 1629 1011 1711 uolint,

199 1718 330 1800 Suadet,
354 1728 384 1780 et
406 1738 442 1780 ex
465 1737 553 1781 eausa
575 1728 688 1799 pugnat
709 1727 836 1799 uterque
858 1720 939 1799 pari.

86 1817 139 1866 705
154 1804 290 1884 Ellugere
314 1806 470 1869 Oebalidae
493 1825 584 1869 eursu
606 1816 730 1888 potuere
754 1814 930 1889 sequentes,

200 1892 255 1954 Sed
280 1897 374 1956 visum
399 1896 489 1957 eeleri
511 1898 630 1957 vincere
653 1903 740 1976 turpe
764 1894 850 1974 luga.

153 1979 240 2042 Liber
264 1982 300 2043 ab
323 1982 479 2045 arboribus
501 1983 584 2045 loeus
607 1991 653 2045 est
665 2032 675 2066 ,
697 1993 766 2064 apta
787 2000 855 2044 area
876 2000 1009 2062 pugnae:

197 2069 397 2130 Constiterant
419 2070 500 2131 illio.
541 2089 649 2133 nomen
671 2070 805 2153 Aphidna
826 2070 911 2132 loeo.
1032 2080 1034 2085 '

153 2155 277 2216 Pectora
301 2159 444 2216 traiectus
466 2155 583 2235 Lynceo
607 2157 711 2219 Castor
734 2157 770 2219 ab
794 2175 865 2219 ense

86 2256 139 2303 rto
198 2243 263 2302 Non
287 2250 442 2321 expectato
465 2241 585 2305 volnere
608 2246 719 2322 pressit
739 2243 881 2305 humum.

155 2331 237 2391 Ultor
261 2331 344 2391 adest
366 2329 493 2412 Pollux,
516 2339 546 2391 et
568 2329 684 2409 Lyncea
706 2331 839 2410 perierat
859 2329 943 2392 basta

198 2419 261 2489 Oua
285 2421 384 2479 eervix
407 2435 528 2479 umeros
551 2420 720 2480 continuata
741 2420 867 2497 premit.

155 2506 217 2566 lbat
240 2509 270 2566 iu
294 2507 373 2567 hune
396 2505 484 2586 Idas,
507 2507 615 2586 vixque
638 2514 684 2567 est
705 2504 782 2567 lovis
805 2507 873 2584 igne
897 2505 1052 2586 repulsus3

198 2593 268 2653 Tela
291 2602 391 2654 tamen
413 2592 534 2655 dextrae
557 2592 680 2656 fulmine
703 2600 787 2673 rapta
809 2599 935 2673 negant.

87 2693 139 2740 715
155 2682 273 2761 lamque
297 2681 374 2762 tibi,
396 2679 523 2760 Pollux,
546 2681 660 2743 eaelum
683 2680 809 2743 sublime
831 2678 967 2760 patebat,

198 2768 270 2830 Cum
295 2763 416 2830 “mea''
439 2768 540 2831 dixisti
562 2764 707 2850 “percipe
729 2767 841 2844 verba,
862 2764 965 2849 paterl

156 2854 239 2921 Quod
262 2858 334 2918 mibi
358 2857 409 2918 das
432 2858 486 2918 uni
509 2854 645 2939 eaelum,
667 2858 778 2938 partire
801 2855 936 2919 duobus:

199 2939 356 3005 Dimidium
378 2951 441 3006 toto
464 2961 589 3006 munere
611 2948 706 3007 maius
730 2938 833 3007 erit.'’

155 3025 233 3085 llixit
255 3037 285 3088 et
307 3032 418 3093 alterna
440 3032 564 3095 iratrem
588 3035 714 3096 statione
737 3032 878 3095 redemit.

87 3126 140 3174 reo
200 3114 275 3176 Utile
299 3115 441 3181 sollicitae
464 3121 547 3182 sidus
570 3130 731 3201 utrumque
754 3113 846 3181 rati.'

399 3281 451 3347 21.
472 3280 502 3347 Ε
521 3278 729 3347 AGON·N³¹

155 3422 196 3481 ld
221 3421 323 3483 lanum
345 3421 470 3505 redeat,
493 3427 546 3503 qni
567 3425 706 3505 quaerit,
728 3424 839 3504 Agonia
861 3425 933 3506 quid
956 3426 1033 3487 siut:

198 3509 279 3579 erae
303 3516 401 3570 tamen
423 3511 455 3570 in
478 3511 563 3572 lastis
584 3510 642 3573 boe
660 3529 781 3592 quoque
800 3521 919 3595 tempus
941 3511 1067 3576 babent.
