2386 3892
548 179 739 239 neronum

446 423 584 506 LIBER
612 421 838 508 QUARTUS.

230 603 346 687 ‘Alma,
369 606 432 666 iave
446 601 471 688 ,'
495 605 556 666 dixi
579 601 781 684 ‘geminorum
804 612 899 667 mater
922 603 1097 669 Amorumi'

274 695 318 755 Ad
342 702 437 755 vatem
461 694 558 755 voltus
581 693 696 754 rettulit
718 694 767 756 illa
791 712 878 776 suos,

230 780 323 854 ‘Quid
347 778 417 843 tibi'
441 784 482 842 aii
505 777 668 844 ‘mecum‘l
700 789 781 843 certe
804 785 915 844 maiora
938 782 1081 848 canebas.

274 872 352 932 Num
374 879 460 931 vetus
482 873 514 931 in
537 869 617 930 molli
640 877 761 949 pectore
784 869 889 932 volnus
912 867 1046 934 habesV'

199 956 312 1021 5‘Scis
335 959 389 1019 dea
402 954 427 1039 ,'
451 957 591 1036 respondi
614 953 667 1018 ‘de
689 958 809 1020 volnere
824 954 847 1019 .'
882 961 971 1041 risit,
994 967 1024 1021 et
1047 960 1142 1021 aether

273 1046 413 1107 Protinus
437 1064 473 1106 ex
496 1046 545 1106 iila
567 1053 652 1124 parte
675 1064 800 1107 serenus
824 1054 906 1107 erat.

230 1131 390 1214 ‘Saucias,
414 1152 451 1196 an
474 1151 586 1214 sanus,
609 1134 753 1213 numquid
777 1142 827 1196 tua
850 1137 934 1214 signa
957 1133 1091 1216 reliqui?

273 1223 319 1284 Tu
342 1223 415 1282 mihi
437 1224 644 1301 propositum,
667 1231 700 1283 tu
723 1222 795 1283 mihi
819 1240 937 1302 semper
959 1241 1053 1304 opus.

230 1311 312 1382 Quae
335 1310 454 1389 decuit,
479 1313 582 1388 primis
605 1313 669 1371 sine
693 1313 816 1372 crimine
839 1311 965 1374 lusimus
988 1314 1090 1374 annis:

184 1413 216 1461 10
275 1399 361 1460 Nunc
384 1401 491 1460 teritur
514 1401 624 1459 nostris
647 1416 715 1458 area
738 1401 831 1459 maior
855 1402 957 1479 equis.

231 1487 390 1565 [Tempora
414 1506 481 1548 cum
505 1489 624 1566 causis,
647 1485 800 1547 annalibus
824 1495 908 1548 eruta
931 1490 1056 1570 priscis,

275 1574 428 1655 Lapsaque
451 1573 506 1635 sub
530 1584 625 1636 terras
648 1583 771 1654 ortaque
796 1577 878 1653 signa
901 1575 1006 1655 cano]

230 1663 371 1724 Venimus
395 1664 430 1724 ad
455 1672 614 1742 quartum,
639 1670 753 1742 quotu
777 1662 970 1725 celeberrima
993 1682 1110 1726 mense.

275 1750 313 1810 Et
336 1758 431 1810 vatem
455 1760 485 1811 ei
507 1769 640 1811 mensem
663 1753 722 1811 scis
735 1798 745 1832 ,
766 1750 865 1812 Venus
878 1800 887 1832 ,
910 1770 978 1813 esse
1001 1748 1102 1814 tuos.'

185 1851 216 1900 15
230 1838 308 1898 Mota
332 1837 504 1916 Cytheriaca
527 1837 631 1898 leviter
655 1857 719 1899 mea
743 1846 875 1917 tempora
898 1848 994 1920 myrto

275 1925 405 2003 Contigit
427 1935 458 1986 ei
480 1921 635 2005 ‘coeptum
658 1923 783 2005 perlice’
807 1927 880 1988 dixit
903 1923 1028 2008 ‘opus'

232 2014 407 2093 Sensimus,
431 2021 461 2073 et
484 2032 589 2075 causae
613 2012 711 2075 subito
734 2023 857 2094 patuere
881 2016 1015 2078 dierum.

275 2099 351 2160 llum
374 2100 443 2161 licet
466 2109 496 2161 et
518 2105 632 2180 spirant
654 2103 792 2177 iiamina,
816 2105 897 2164 navis
921 2112 984 2166 eat.

231 2189 321 2268 Siqua
343 2197 441 2250 tamen
465 2207 532 2267 pars
557 2198 585 2251 te
609 2191 645 2251 de
669 2191 752 2251 lastis
775 2198 896 2271 tangere
919 2192 1025 2274 debet,
1090 2205 1141 2256 (1¹⁴)

181 2289 216 2339 ao
276 2276 404 2358 Caesar,
427 2281 459 2338 in
481 2277 595 2357 Aprili,
619 2296 678 2357 quo
701 2281 853 2360 tenearis,
875 2279 984 2342 babes.

230 2365 285 2427 ilic
308 2365 344 2427 ad
369 2374 397 2427 te
421 2385 524 2444 magna
548 2366 702 2427 descendit
723 2368 849 2446 imagine
873 2370 1001 2442 mensis,

275 2453 312 2515 Et
335 2455 367 2514 iit
390 2454 524 2533 adoptiva
547 2452 699 2515 nobilitate
722 2462 810 2516 tuus.

229 2542 293 2603 iicc
316 2551 400 2621 pater
423 2542 549 2623 iliades,
571 2560 640 2602 cum
663 2542 784 2621 longum
807 2543 953 2606 scriberet
975 2563 1103 2627 anuum,

273 2630 374 2711 Vidit,
397 2639 426 2692 et
449 2638 586 2691 auctores
608 2629 724 2691 rettulit
746 2633 810 2711 ipse
834 2650 922 2694 suos:

182 2730 215 2779 25
230 2717 326 2797 thue
350 2719 413 2779 iero
436 2719 523 2780 Marti
545 2721 670 2796 primam
693 2718 775 2780 dedit
797 2718 900 2782 ordine
924 2729 1055 2802 sortem,

275 2804 359 2875 ercd
383 2804 439 2866 sibi
462 2806 603 2867 nascendi
624 2808 758 2886 proxima
781 2825 869 2869 causa
892 2809 966 2890 suit,

231 2893 279 2954 Sic
303 2890 447 2953 Venerem
470 2894 610 2971 gradibus
633 2895 734 2956 multis
756 2899 787 2956 in
810 2906 898 2975 gente
922 2906 1070 2978 repertam

273 2980 404 3041 Alterius
426 2981 518 3042 voluit
541 2985 652 3044 mensis
675 2983 784 3044 habere
807 2983 922 3066 locum3

229 3070 471 3149 Principiumque
495 3073 543 3130 sui
565 3073 683 3148 generis
706 3069 899 3152 revolutaque
922 3091 1068 3152 quaerens

181 3171 215 3220 30
275 3157 420 3239 Saecula,
444 3168 583 3237 cognatos
606 3161 687 3219 venii
709 3160 841 3240 adusque
864 3160 953 3222 deos.

230 3246 384 3307 Dardanon
408 3246 525 3307 Electra
548 3249 678 3308 nesciret
700 3247 846 3309 Atlantide
870 3258 972 3311 uatum

275 3333 416 3414 Scilicet,
439 3335 585 3396 Electram
610 3334 806 3397 concubuisse
829 3334 913 3398 lovi?

229 3421 324 3482 Huius
348 3423 579 3484 Erichthonius:
612 3423 688 3484 Tros
712 3431 757 3484 est
780 3435 939 3503 generatus
963 3423 1088 3486 abillo:

274 3513 436 3571 Assaracon
460 3521 541 3572 creat
563 3511 612 3572 hic
624 3557 634 3592 ,
657 3513 878 3592 Assaracusque
902 3512 1019 3594 Capyn.
