2386 3892
423 177 444 228 1.
463 179 615 230 nno-er.
861 183 864 189 ’
959 173 1023 240 125

151 340 247 401 llollia
272 338 430 417 naufragiis
453 338 540 399 litora
563 356 650 417 posse
674 339 754 400 dari.
801 392 813 405 ,

106 429 180 490 Cum
203 427 312 507 video,
335 421 429 504 quam'
445 428 506 487 sint
528 445 593 487 mea
615 427 673 489 lata
696 429 831 506 tenacia,
854 427 992 508 frangor,

152 517 286 596 Spesque
309 515 381 574 levis
405 532 509 593 magno
533 516 609 574 victa
632 517 738 576 tImore
762 515 856 576 cadit.

55 616 91 667 65
106 604 167 664 Nec
191 613 289 664 tamen
312 602 439 663 ulterius
463 605 620 681 quicquam
644 620 767 681 sperove
791 621 950 684 precorve,

153 693 248 762 Quam
270 689 345 751 male
368 698 480 750 mutato
504 708 592 769 posse
616 709 717 751 carere
740 691 824 751 loco.

105 781 165 840 Aut
187 780 267 858 hoc,
290 787 340 838 aut
362 777 435 838 nihil
458 787 525 858 est,
551 796 606 858 pro
631 797 677 840 mc
700 787 845 858 temptare
868 779 1000 841 modeste

151 867 251 928 Gratia
275 865 353 944 quod
377 865 455 925 salvo
479 874 576 927 vestra
598 867 712 946 pudore
736 875 842 945 queat.

108 955 255 1034 Suscipe,
278 954 425 1014 Romanae
448 954 606 1034 facundia,
628 954 776 1035 Maxime,
798 954 914 1033 linguae

56 1057 92 1107 70
150 1042 283 1103 Difficilis
307 1058 412 1102 causae
435 1044 505 1102 mite
529 1044 745 1120 patrocinium.

105 1131 159 1192 Est
182 1130 279 1210 mala,
302 1130 467 1190 confiteor:
499 1130 551 1190 sed
574 1138 603 1190 te
627 1130 702 1191 bona
726 1132 777 1192 llet
799 1139 921 1210 agente:

150 1217 241 1279 lenia
263 1235 318 1296 pro
340 1219 448 1278 misera
471 1218 515 1278 lac
539 1217 626 1279 modo
650 1218 739 1279 verba
761 1220 847 1295 luga.

107 1306 209 1367 Nescit
232 1308 311 1367 enim
334 1305 441 1366 Caesar
453 1351 462 1385 ,
486 1308 618 1384 quamvis
642 1305 716 1367 deris
739 1308 837 1366 omnia
860 1308 956 1384 norit,

152 1394 278 1455 Ultimus
300 1393 349 1452 hic
373 1411 431 1471 qua
454 1395 493 1453 sit
515 1393 688 1455 condicione
711 1392 812 1454 locus.

61 1494 93 1542 75
108 1482 211 1560 Magna
234 1487 337 1542 tenent
359 1481 432 1541 illud
456 1499 566 1542 numen
589 1481 739 1542 molimina
761 1498 881 1560 rerum3

151 1569 230 1630 llaec
252 1576 299 1630 est
322 1569 442 1629 caelesti
465 1578 585 1648 pectore
609 1586 680 1631 cura
703 1572 817 1630 minor.

106 1658 167 1719 Nec
191 1665 295 1738 vacat,
318 1659 349 1718 in
373 1675 431 1735 qua
454 1660 513 1717 sint
536 1659 625 1737 positi
648 1660 768 1736 regione
791 1657 941 1738 Tomitae,

152 1746 325 1824 Quaerere,
348 1745 472 1805 finitimo
496 1747 543 1805 vix
566 1744 629 1806 loca
653 1754 722 1806 nota
745 1744 856 1807 Getae:

108 1835 167 1894 dut
189 1833 260 1912 quid
280 1832 471 1893 Sauromatae
493 1833 618 1914 saciant,
643 1833 714 1911 quid
737 1833 854 1913 lazyges
878 1852 980 1914 acres,

64 1933 94 1981 80
152 1922 296 2000 Cultaque
319 1919 460 1981 Oresteae
483 1921 609 1982 Taurica
632 1929 711 1981 terra
732 1921 824 1983 deae:

111 2010 250 2088 Quaeque
268 2007 341 2069 aliae
354 2018 463 2088 gentes
473 2055 482 2089 ,
506 2008 558 2068 ubi
575 2009 686 2087 frigore
705 2012 838 2071 constitit
855 2008 971 2091 Hister,
995 2022 1024 2070 o)

152 2097 231 2158 Dura
253 2104 353 2157 meant
375 2095 466 2157 celeri
488 2104 571 2176 terga
593 2115 647 2175 per
670 2100 764 2159 amnis
788 2116 882 2177 equo.

110 2185 232 2246 lllaxima
255 2203 325 2263 pars
347 2184 501 2245 hominnm
524 2203 579 2245 nec
602 2194 655 2265 te,
677 2185 899 2266 pulcherrima,
924 2193 1025 2265 curat,

153 2274 265 2353 Roma,
288 2290 343 2334 nec
367 2272 489 2334 Ausonii
512 2272 614 2333 militis
636 2290 717 2334 arma
739 2275 840 2335 timot.

68 2372 97 2421 85
112 2361 184 2421 liant
207 2361 264 2422 illis
288 2363 401 2421 animos
424 2379 511 2421 arcus
533 2360 697 2440 plenaeque
720 2361 875 2440 pharetrae

154 2450 306 2528 Quamque
330 2448 403 2509 libet
425 2449 520 2528 longis
544 2447 683 2508 cursibus
706 2455 792 2527 aptus
816 2466 928 2527 equus,

112 2538 255 2615 Quodque
273 2538 353 2597 sitim
377 2537 506 2597 didicere
530 2536 582 2597 diu
604 2536 731 2597 tolerare
754 2535 937 2615 famemque,

123 2667 126 2672 -
154 2624 300 2704 Quodque
323 2642 451 2703 sequens
475 2624 569 2686 nullas
593 2624 686 2686 hostis
709 2622 830 2684 habehit
852 2641 961 2702 aquas.

111 2712 156 2780 lra
179 2714 235 2774 viri
258 2715 338 2774 mitis
361 2731 420 2773 non
445 2731 491 2773 me
514 2715 645 2786 misisset
668 2715 698 2773 in
722 2714 826 2794 istam,

65 2811 97 2860 eo
155 2800 187 2862 Si
210 2802 282 2862 satis
304 2802 377 2862 haec
400 2801 442 2861 illi
466 2810 535 2867 uota
557 2803 664 2863 fnisset
685 2801 812 2864 humus.

110 2886 170 2948 Nec
194 2907 263 2969 mc,
282 2907 338 2949 nec
357 2907 534 2968 quemquam
552 2889 715 2952 Romanum
734 2890 843 2969 gaudet
865 2889 902 2951 ab
925 2890 1027 2967 hoste,

153 2976 260 3056 illeque
283 2979 404 3058 minus,
427 2979 516 3038 vitam
539 2978 588 3038 cui
611 2977 698 3040 dabat
720 2981 784 3059 ipse
797 3025 806 3059 ,
830 2982 913 3058 capi.

111 3062 232 3144 Noluit,
256 3072 290 3126 nt
312 3073 450 3144 poterat,
473 3068 594 3127 minimo
618 3085 666 3128 me
688 3067 813 3146 perdere
837 3074 930 3127 nutu.

155 3151 202 3212 Nil
226 3170 300 3232 opus
325 3161 370 3213 est
392 3152 460 3214 ullis
483 3156 514 3214 in
537 3172 602 3215 mea
626 3156 684 3216 lata
706 3154 806 3214 Getis.
879 3188 881 3192 >

61 3249 96 3298 95
113 3238 169 3300 Sed
192 3258 290 3320 neque
303 3286 312 3320 ,
335 3259 389 3302 cur
413 3259 567 3322 morerer,
591 3245 748 3322 quicquam
771 3240 844 3301 mihi
867 3242 1010 3320 comperit

693 3336 755 3389 tum

154 3415 192 3477 Et
214 3419 313 3479 minus
337 3419 484 3497 infestus,
509 3436 597 3496 quam
620 3347 698 3494 tulate,
722 3373 787 3477 ess'e
811 3423 925 3495 potest.

112 3501 195 3565 Tunc
218 3522 336 3585 quoque
360 3506 401 3567 nil
425 3507 495 3567 iecit
508 3551 516 3583 ,
540 3506 598 3565 nisi
618 3503 696 3582 qnod
720 3504 817 3565 lacere
839 3506 903 3585 ipse
927 3507 1026 3583 coegi:
