2386 3892
464 186 495 237 V.
515 189 662 239 itt-244.

190 346 316 409 ‘Dulcior
339 346 387 408 hic
409 350 472 409 risu
495 356 568 409 tuno
591 348 663 409 mihi
685 348 773 411 fletus
797 351 871 412 erit.

151 435 243 496 Natus
266 453 299 496 es
323 434 445 516 infelix,
464 469 497 478 -
516 439 556 497 ita
579 436 610 497 di
632 436 752 498 voluere
772 469 805 480 -
825 456 880 499 nee
902 439 961 500 nlla

91 534 138 584 212
196 523 356 584 Commoda
378 526 511 585 nascenti
535 523 619 586 stella
641 524 749 585 levisve
773 525 846 588 fnit.

152 611 217 673 Non
240 601 346 674 Ver&
363 611 495 693 affulsit,
517 630 577 673 non
600 611 649 673 illa
671 612 803 692 luppiter
825 613 915 695 hora,

194 699 337 778 Lunaque
364 718 423 760 non
447 709 514 779 apto
538 699 640 780 solque
664 700 856 781 faemineo,

150 786 212 848 Nec
236 790 307 848 satis
330 789 443 849 utiliter
466 790 579 867 positos
602 787 655 850 tibi
678 786 815 868 praebuit
836 792 920 868 ignes

195 874 289 945 Quem
312 877 429 955 peperit
452 894 556 955 magno
580 875 676 938 lueida
700 875 774 936 Maia
797 876 874 938 lovi.

90 973 136 1023 212
150 963 193 1024 Τ2
215 965 278 1024 2222
300 981 356 1024 neo
380 967 538 1044 quiequam
560 964 707 1043 placidum
731 965 907 1043 spondentia
929 963 1031 1027 Martis

196 1050 299 1112 Sidera
322 1062 498 1130 presserunt
520 1052 704 1131 falciferique
728 1055 826 1114 senis.

149 1138 214 1201 Lux
237 1157 355 1219 quoque
378 1140 505 1220 natalis,
527 1158 565 1200 ne
589 1140 660 1218 quid
682 1142 740 1202 nisi
762 1143 848 1202 triste
872 1141 1005 1224 videres,

194 1227 303 1306 Turpis
326 1235 358 1288 et
379 1227 508 1288 induetis
530 1227 661 1288 nubibus
683 1237 746 1289 atra
769 1230 842 1290 fuit.

150 1314 229 1376 Haec
252 1323 300 1375 est
312 1363 321 1396 ‚
343 1317 374 1375 in
398 1317 481 1376 fastis
505 1318 554 1376 cui
576 1316 626 1376 dat
648 1318 744 1394 gravis
767 1315 841 1376 Allia
863 1334 989 1397 nomen,

89 1411 136 1461 222
195 1403 335 1483 Quaeque
359 1403 423 1464 dics
445 1402 510 1464 lbin
523 1451 532 1483 ,
554 1403 672 1483 publica
695 1403 822 1483 damna,
845 1403 928 1465 tulit.

151 1490 207 1560 Qui
230 1491 317 1551 simul
340 1493 473 1571 impurae
497 1493 599 1551 matris
621 1490 777 1570 prolapsus
801 1489 837 1551 ab
860 1491 924 1551 alvo
1023 1504 1065 1557 un

194 1577 367 1658 Cinyphiam
390 1579 476 1639 foedo
500 1597 624 1659 corpore
647 1580 757 1659 pressit
779 1579 902 1640 humum
910 1625 920 1660 ,

151 1664 234 1727 Sedit
256 1669 287 1727 in
310 1667 433 1728 adverso
456 1675 621 1729 nocturnus
645 1666 773 1728 culmine
795 1666 894 1749 bubo,

194 1753 390 1834 Funereoque
414 1773 517 1833 graves
541 1755 633 1816 edidit
655 1773 706 1816 ore
730 1774 835 1817 sonos.

90 1848 136 1899 222
150 1841 291 1902 Protinus
313 1841 493 1903 Eumenides
516 1841 612 1904 lavere
635 1842 817 1922 palustribus
840 1844 946 1926 undis,
1020 1839 1023 1844 ’

194 1927 257 1999 Qua
281 1948 350 1990 cava
372 1929 409 1990 de
433 1930 541 2010 Stygiis
564 1931 690 1992 fluxerat
711 1931 789 1992 unda
813 1932 911 2006 vadis,

150 2016 332 2097 Pectoraque
355 2028 505 2079 unxerunt
527 2017 659 2080 Erebeae
681 2018 749 2079 felle
772 2018 929 2100 colubrae,

194 2105 312 2184 Terque
335 2114 502 2167 cruentatas
525 2109 701 2186 increpuere
724 2124 846 2168 manus.

151 2192 336 2273 Gutturaque
358 2193 526 2256 imbuerant
546 2195 669 2256 infantia
691 2194 767 2255 laete
791 2196 913 2256 canino:

91 2288 138 2338 222
195 2280 250 2341 llic
273 2283 387 2360 primus
410 2285 496 2361 pueri
519 2285 652 2343 venitin
675 2300 727 2342 ora
750 2281 853 2344 cibus:

150 2368 283 2429 Perbibit
304 2369 372 2430 inde
397 2388 467 2431 snae
490 2368 602 2430 rabiem
625 2371 751 2429 nutricis
774 2368 928 2449 alumnus,

194 2455 295 2518 Latrat
318 2460 400 2518 etin
423 2465 486 2519 toto
509 2455 598 2517 verba
621 2458 725 2516 canina
748 2457 830 2516 foro.

150 2543 338 2624 Membraque
361 2548 520 2607 vinxerunt
542 2545 643 2605 tinctis
666 2543 816 2621 ferrugine
840 2544 962 2622 pannis,

193 2633 217 2692 Α
240 2633 315 2693 male
338 2634 456 2694 deserto
481 2650 555 2712 quos
579 2649 704 2711 rapuere
727 2648 817 2709 rogo:

91 2725 136 2777 222
151 2717 188 2779 Ε2
210 2738 247 2781 ne
271 2739 331 2781 non
354 2721 461 2782 fultum
484 2721 562 2782 nuda
585 2721 690 2781 tellure
714 2721 841 2801 iaceret,

193 2805 280 2868 Molle
303 2827 393 2888 super
416 2808 514 2870 silices
537 2811 697 2886 inposuere
720 2816 825 2888 eaput.

148 2892 269 2974 lamque
292 2914 465 2959 recessurae
487 2896 575 2957 viridi
598 2896 634 2958 de
657 2898 757 2976 stipite
781 2897 872 2960 factas

193 2983 358 3046 Admorunt
380 2985 482 3046 oculos
504 3003 599 3063 usque
623 2984 678 3046 snb
702 3003 753 3046 ora
776 2986 874 3048 faces.

148 3067 272 3150 Flebat,
295 3080 330 3134 ut
352 3082 398 3134 est
420 3073 516 3133 infans
539 3072 627 3133 fumis
651 3080 805 3134 contactus
828 3073 951 3150 amaris,

89 3163 135 3215 242
192 3158 234 3219 lle
258 3158 354 3222 tribus
377 3170 423 3221 est
445 3177 514 3221 cum
536 3162 579 3221 sie
602 3178 661 3221 una
684 3159 782 3221 locuta
805 3176 907 3220 soror:

149 3239 290 3326 ‘Tempus
312 3251 344 3309 in
366 3250 534 3309 inmensum
557 3248 692 3308 lacrimas
716 3246 770 3309 tibi
793 3248 937 3307 movimus
961 3247 1049 3326 istas,

193 3333 274 3403 Quae
297 3354 414 3414 semper
431 3348 525 3396 eausa
548 3335 715 3395 sufficiente
739 3328 865 3394 cadent?

149 3420 288 3483 Dixerat.
326 3431 355 3484 22
379 3423 482 3485 Clotho
505 3424 594 3483 iussit
615 3423 760 3500 promissa
783 3420 898 3504 valere,
1019 3434 1062 3485 (ul

191 3508 277 3571 Nevit
300 3520 330 3572 et
352 3512 459 3572 infesta
481 3512 605 3576 stamina
628 3508 707 3588 pulla
729 3526 836 3590 manu3
