2386 3892
410 161 460 213 111.
478 171 513 214 vx
528 163 701 214 10-v1142.
1016 158 1061 225 49

136 327 197 389 Neo
220 343 330 407 mora,
354 325 424 404 quid
448 326 548 386 venias
572 324 701 403 quidve,
724 326 880 405 requiret,
903 342 1003 405 aqam.

136 415 241 476 Vivere
266 432 315 475 me
341 412 422 474 diees
434 460 444 494 ,
468 413 519 474 sed
543 413 608 492 sio,
631 420 665 473 ut
688 413 787 472 vivere
809 411 919 495 nolim,

136 503 198 565 Nee
220 502 298 564 maia
321 509 381 563 tam
404 501 491 581 longa
514 509 615 561 nostra
640 499 733 560 levata
756 518 857 582 mora3

136 591 175 652 Et
198 599 298 652 tamen
321 588 502 670 adbiusas,
527 589 659 667 quamvis
681 606 834 664 nocuere,
857 592 985 670 reverti,

89 693 123 741 10
140 681 276 759 Aptaque
299 679 330 738 in
354 677 485 738 alternos
508 693 614 754 cogere
639 675 726 737 verba
749 676 858 753 pedes.

137 767 184 827 Tu
203 784 342 845 quoque,
361 765 426 846 dio,
445 764 552 826 studiis
566 763 773 827 communibus
789 765 895 844 ecquid
910 764 1061 846 inhaeres,

138 854 292 933 Doctaque
315 871 375 915 non
397 854 493 933 patrio
517 855 646 914 earmina
669 870 752 914 more
776 848 884 915 canis?

140 942 215 1003 Nam
239 941 294 1002 tibi
317 959 385 1002 oum
409 942 477 1002 fatis
500 958 598 1001 mores
622 949 725 1002 natura
749 940 873 1021 pudicos

137 1030 177 1091 Et
200 1047 283 1091 raras
306 1030 391 1090 dotes
414 1031 625 1107 ingeniumque
648 1029 747 1090 dedit.

88 1133 124 1180 15
138 1118 203 1179 Hoc
226 1136 281 1195 ego
304 1116 461 1197 Pegasidas
482 1116 593 1178 deduxi
614 1119 728 1196 primus
751 1115 788 1178 ud
811 1115 922 1198 undas,

139 1206 183 1267 Ne
206 1205 281 1267 maie
304 1205 448 1267 secundae
471 1222 544 1266 vena
566 1207 679 1285 periret
702 1223 813 1284 aquae3

139 1293 259 1355 Primus
281 1293 312 1354 id
336 1295 438 1372 aspexi
460 1295 571 1354 teneris
594 1295 625 1354 in
648 1294 771 1370 virginis
795 1293 897 1373 annis,

139 1381 238 1460 thue
260 1389 345 1461 pater
368 1389 452 1442 natae
477 1382 595 1458 duxque
619 1396 777 1456 comesque
802 1379 862 1439 ini.

141 1469 219 1548 Ergo
243 1471 271 1530 si
293 1477 447 1530 remanent
470 1471 553 1547 ignes
577 1466 631 1529 tibi
652 1469 783 1546 pectoris
806 1465 903 1544 idem,

90 1571 126 1619 20
142 1557 209 1618 Sola
233 1566 318 1618 tuum
342 1565 423 1618 vates
445 1555 550 1617 Lesbia
574 1558 672 1617 vincet
695 1572 787 1633 opus.

142 1645 201 1706 Sed
226 1662 352 1725 vereor,
375 1662 412 1707 ne
435 1653 465 1706 te
488 1662 553 1706 mea
576 1661 656 1705 nuno
679 1643 797 1704 fortuna
821 1640 969 1723 retardet,

140 1733 271 1813 Postque
294 1750 376 1794 meos
400 1750 486 1794 casus
510 1735 549 1793 sit
572 1731 627 1793 tibi
649 1740 754 1812 peetus
777 1733 876 1792 iners.

141 1821 217 1882 Dum
240 1820 348 1902 licuit,
370 1827 420 1883 tua
444 1838 531 1899 saepe
555 1820 649 1900 mibi,
672 1819 727 1882 tibi
749 1827 850 1880 nostra
874 1817 1025 1899 legebam3

142 1909 235 1988 Saepe
259 1910 305 1971 tui
327 1909 437 1989 iudex,
460 1927 548 1987 saepe
571 1911 712 1987 magister
736 1925 834 1969 eram:

93 2010 126 2059 25
142 1998 201 2058 dut
224 2013 279 2076 ego
302 1997 480 2076 praebebam
502 1998 589 2058 iactis
611 1996 699 2057 modo
722 1994 858 2057 versibus
881 2011 987 2074 aureS,

143 2086 201 2147 Aut
213 2133 223 2166 ,
246 2083 299 2146 ubi
321 2102 476 2167 cessares,
501 2102 589 2146 eausa
612 2084 730 2146 ruboris
754 2101 852 2145 eram.

143 2173 280 2233 Forsitan
304 2172 461 2254 exemplo,
484 2175 554 2252 quia
577 2190 624 2233 me
647 2172 759 2233 laesere
782 2169 890 2250 libelii,

143 2261 188 2321 Tu
211 2279 331 2340 quoque
354 2262 395 2321 sis
418 2256 441 2340 †
463 2279 575 2339 poenae
598 2261 674 2321 iacta
697 2268 798 2321 secuta
820 2275 919 2318 meae.

143 2348 245 2431 Pone,
269 2347 397 2426 Perilia,
419 2357 555 2429 metum3
577 2346 780 2409 tantummodo
803 2347 912 2407 iemiua
935 2342 1014 2406 nulla

95 2450 129 2499 30
143 2436 221 2497 Neve
246 2439 290 2497 vir
313 2454 330 2497 a
353 2439 471 2516 scriptis
494 2436 589 2498 discat
610 2452 708 2494 amare
731 2435 810 2498 tuis!

143 2524 222 2604 Ergo
246 2523 377 2586 desidiae
400 2543 540 2605 remove,
563 2523 755 2600 doctissima,
778 2535 900 2598 causas,

143 2613 237 2693 Inque
261 2612 353 2674 bonas
376 2622 456 2674 artes
479 2620 510 2674 et
532 2620 583 2673 tua
606 2628 689 2672 sacra
712 2608 792 2671 redii

143 2700 202 2762 Ista
225 2700 335 2762 doeens
358 2700 449 2763 iacies
471 2701 567 2779 longis
591 2698 743 2760 vitiabitur
766 2697 868 2775 annis,

143 2787 287 2868 Rugaque
309 2790 341 2850 in
364 2791 484 2868 antiqua
506 2789 604 2849 fronte
627 2786 727 2849 senilis
751 2787 824 2866 erit3

95 2889 129 2940 to
144 2875 308 2956 inicietque
331 2894 450 2938 manum
473 2878 584 2938 formae
608 2876 747 2936 damnosa
770 2880 931 2953 senectus,

145 2964 227 3035 Quae
251 2966 409 3045 strepitum
432 2982 522 3045 passu
545 2982 604 3024 non
628 2964 753 3025 iaciente
778 2963 874 3041 venit3

145 3052 279 3132 Cumque
302 3052 408 3132 aliquis
432 3052 510 3114 dicet
533 3046 614 3112 ‘ruit
636 3051 708 3112 haee
732 3044 881 3127 iormosa',
904 3046 1037 3126 dolebis,

145 3138 182 3202 Et
205 3139 360 3220 speculum
383 3141 508 3202 mendax
532 3158 597 3201 esse
621 3157 748 3218 querere
772 3147 873 3198 tuum.

145 3228 223 3291 Sunt
244 3228 301 3291 tibi
318 3247 390 3309 opes
408 3229 563 3307 modicae,
587 3246 655 3289 eum
679 3229 720 3289 sis
739 3224 909 3303 dignissima
933 3221 1065 3299 magnis:

93 3329 129 3377 40
145 3316 237 3396 Finge
261 3315 313 3378 sed
336 3318 480 3379 inmensis
503 3316 642 3377 censibus
665 3332 731 3374 esse
753 3327 858 3390 pares;

144 3403 257 3484 Nempe
280 3404 331 3466 dat
352 3405 407 3484 id,
431 3405 639 3485 quodcumque
657 3401 750 3474 libet,
773 3399 891 3459 fortuna
910 3397 1066 3477 rapitque3

144 3491 212 3554 irus
235 3500 266 3553 et
290 3499 337 3555 est
359 3491 476 3574 subito,
499 3495 551 3572 qui
573 3489 661 3552 modo
685 3487 816 3550 Croesus
839 3493 919 3548 erat.

107 3599 191 3644 oum.
216 3601 263 3645 nn
890 3589 907 3639 a
