2386 3892
467 197 503 250 11.
522 198 671 250 oss-toa.
1002 194 1068 261 253

154 357 334 436 Terminus,
356 367 391 420 ut
413 369 528 420 veteres
551 368 737 438 memorant,
765 361 903 421 inventus
925 361 957 422 in
979 360 1079 442 aede,

88 458 140 508 670
198 445 317 507 Restitit
340 455 370 507 et
393 464 496 525 magno
520 462 587 509 oum
610 446 678 508 lore
700 447 809 525 templa
832 455 931 508 tenet.

86 585 90 591 .
154 533 239 595 Nunc
263 552 403 614 quoque,
426 553 458 595 se
482 552 571 614 supra
594 553 631 596 ne
655 534 725 614 quid
749 537 807 596 nisi
830 536 926 597 sidera
950 544 1069 617 cernat,
1134 536 1138 541 ’

198 621 343 701 Exiguum
367 622 471 700 templi
490 630 568 683 terta
591 623 722 684 foramen
744 622 870 685 habent.

154 708 315 790 Termine,
338 719 406 788 post
427 709 499 769 illud
523 710 624 771 levitas
647 710 701 771 tibi
723 708 815 771 libera
838 720 981 773 nonest:

200 797 263 868 Qua
286 800 401 875 positus
424 798 517 858 fueris
539 799 570 857 in
593 800 740 878 statione,
764 815 867 879 mane;

90 897 141 946 675
156 883 217 945 Nee
240 888 391 946 turicino
415 887 571 964 quiequam
595 885 724 946 concede
747 876 881 967 roganti,

199 972 243 1033 Ne
265 973 382 1033 videare
405 973 554 1033 hominem
577 974 783 1053 praeposuisse
806 972 885 1034 lovi:
944 1048 949 1057 ι

104 1121 107 1127 ,
155 1059 193 1120 lit
216 1070 276 1120 seu·
291 1061 482 1141 vomeribus,
505 1079 558 1122 seu
582 1069 614 1122 tu
637 1060 793 1140 pulsabere
815 1063 938 1141 rastris,

200 1148 328 1208 Clamato
352 1144 440 1210 ‘suus
464 1156 510 1209 est
532 1148 581 1210 hio
603 1165 694 1229 ager,
717 1148 766 1210 ille
789 1145 905 1211 tuusi''

156 1235 210 1296 Est
232 1239 299 1315 vla,
322 1254 397 1315 quae
420 1233 562 1315 populum'
585 1235 748 1299 Laurentes
772 1237 854 1299 ducit
875 1240 907 1298 in
929 1255 1034 1318 agros,

91 1336 142 1385 680
201 1323 354 1394 Quondam
378 1323 522 1384 Dardanio
545 1341 635 1403 regna
658 1327 749 1403 petita
772 1323 858 1385 duel.

156 1410 206 1472 llla
229 1411 352 1489 lanigeri
375 1414 490 1491 peeoris
514 1411 590 1490 tibi,
612 1410 772 1491 Termine,
794 1411 879 1472 libris

202 1498 290 1560 Sacra
314 1500 393 1560 videt
415 1500 480 1560 lieri
503 1506 605 1560 sextus
627 1497 664 1578 ab
687 1497 767 1560 Urbe
790 1498 881 1578 lapis.

159 1585 314 1664 [Gentibus
338 1596 384 1648 est
405 1586 469 1648 aliis
492 1586 580 1648 tellus
602 1586 669 1647 data
691 1585 783 1648 limite
806 1595 907 1648 certo:

200 1674 346 1736 Romanae
370 1677 496 1753 spatium
519 1683 565 1737 est
587 1673 675 1736 Urbis
699 1682 730 1735 et
751 1674 832 1736 orbis
854 1672 964 1752 idem]

402 1811 454 1875 24.
476 1809 506 1877 G
527 1808 736 1877 REGIF-N

91 1948 142 1998 685
157 1937 241 1998 Nunc
264 1938 334 1998 mibi
358 1937 481 1999 dicenda
504 1946 550 1999 est
571 1940 650 2018 regis
672 1938 763 2018 iuga.
799 1939 889 2000 traxit
910 1937 947 2000 ab
969 1937 1018 1999 illa

202 2025 308 2087 Sextus
331 2025 367 2086 ab
391 2034 523 2087 extremo
545 2028 664 2087 uomina
686 2044 789 2088 meuse
811 2025 893 2088 dies.

157 2111 262 2173 Ultima
286 2113 465 2193 Tarquinius
488 2113 635 2175 Romanae
657 2117 754 2195 gentis
777 2113 903 2176 habebat

201 2198 322 2280 Regna,
345 2203 390 2261 vir
412 2203 562 2284 iniustus,
584 2202 670 2262 lortis
692 2201 728 2262 ad
751 2219 832 2263 arma
855 2209 972 2263 tamen

157 2287 281 2366 Ceperat
302 2287 351 2349 hio
374 2287 467 2369 alias,
489 2288 560 2350 alias
582 2296 728 2350 everterat
750 2287 858 2369 urbes,
1026 2302 1070 2355 tor)

92 2386 142 2436 oso
203 2374 238 2436 Et
261 2373 369 2436 Gabios
391 2379 470 2456 turpi
495 2377 606 2436 lecerat
627 2384 690 2436 arte
713 2392 800 2437 suos.

156 2461 287 2542 Namque
310 2465 401 2525 trium
423 2465 563 2525 minimus
575 2509 584 2545 ,
607 2461 706 2543 proles
729 2462 884 2524 manifesta
906 2462 1052 2546 Superbi,

201 2549 235 2610 ln
258 2550 371 2611 medios
393 2551 495 2613 hostes
517 2559 604 2613 noete
626 2549 732 2612 silente
754 2552 851 2611 venit.

156 2636 308 2700 Nudarant
330 2638 464 2717 gladios:
496 2632 653 2700 ‘occidite’
675 2636 751 2699 dixit
772 2632 950 2720 ‘inermem,

200 2725 263 2788 lloo
285 2729 406 2807 cupiant
427 2727 535 2789 fratres
557 2726 796 2806 Tarquiniusque
817 2735 920 2808 pater,

91 2824 142 2874 oso
157 2812 214 2883 Qui
237 2831 300 2875 mea
324 2814 437 2876 erudeli
460 2814 597 2876 laceravit
619 2811 744 2877 verbero
765 2821 848 2894 terga
858 2808 882 2876 .'

201 2900 305 2963 Dicere
327 2910 362 2964 ut
384 2903 440 2963 boo
463 2910 585 2983 posset,
607 2900 732 2965 verbera
754 2920 859 2983 passus
882 2909 964 2964 erat.

157 2989 238 3050 Luna
261 2991 335 3051 init:
367 2997 502 3069 spectant
523 2992 682 3073 iuvenem,
699 2990 871 3070 gladiosque
888 2988 1070 3071 recondunt,

200 3077 376 3157 Tergaque,
399 3076 524 3139 deducta
547 3085 628 3140 veste
640 3123 650 3160 ,
672 3085 773 3139 notata
794 3075 911 3136 rident:

156 3163 241 3226 Flent
259 3182 397 3246 quoque,
416 3172 447 3227 et
464 3173 499 3226 ut
516 3182 618 3227 secum
636 3172 761 3226 tueatur
778 3159 874 3244 bella,
892 3171 1069 3243 precantur.

91 3263 142 3312 τοο
200 3252 328 3313 Callidus
350 3254 462 3329 ignaris
485 3252 587 3315 adunit
608 3250 658 3312 ille
680 3252 770 3311 viris.

155 3337 274 3418 lamque
297 3347 425 3419 potens,
447 3341 538 3400 misso
560 3339 726 3417 genitorem
748 3334 875 3418 appellat
896 3341 1008 3422 amieo,
1129 3352 1134 3359 ·

199 3426 347 3487 Perdendi
369 3425 477 3487 Gabios
500 3425 579 3504 quod
602 3423 659 3487 sibi
681 3432 827 3487 monstret
849 3427 924 3489 iter.

155 3512 266 3574 Hortus
289 3512 419 3574 odoratis
441 3511 563 3574 suberat
584 3510 767 3598 cultissimus
788 3512 907 3597 herbis,
