<?xml version="1.0" encoding="UTF-8"?>
<!DOCTYPE html PUBLIC "-//W3C//DTD XHTML 1.0 Transitional//EN"
    "http://www.w3.org/TR/xhtml1/DTD/xhtml1-transitional.dtd">
<html xmlns="http://www.w3.org/1999/xhtml" xml:lang="en" lang="en">
 <head>
  <title>
</title>
<meta http-equiv="Content-Type" content="text/html;charset=utf-8" />
  <meta name='ocr-system' content='tesseract 3.04.00' />
  <meta name='ocr-capabilities' content='ocr_page ocr_carea ocr_par ocr_line ocrx_word'/>
</head>
<body>
  <div class='ocr_page' id='page_1' title='image "./ovidiusexiterat00ovidgoog_0348.png"; bbox 0 0 2386 3892; ppageno 0'>
   <div class='ocr_carea' id='block_1_1' title="bbox 457 183 1067 266">
    <p class='ocr_par' dir='ltr' id='par_1_1' title="bbox 457 183 1067 266">
     <span class='ocr_line' id='line_1_1' title="bbox 457 183 1067 266; baseline 0.002 -13"><span class='ocrx_word' id='word_1_1' title='bbox 457 201 502 254; x_wconf 79' lang='lat' dir='ltr'><strong>iv.</strong></span> <span class='ocrx_word' id='word_1_2' title='bbox 522 200 670 256; x_wconf 79' lang='grc'>555-555.</span> <span class='ocrx_word' id='word_1_3' title='bbox 990 183 1067 266; x_wconf 71' lang='grc'>’595</span> 
     </span>
    </p>
   </div>
   <div class='ocr_carea' id='block_1_2' title="bbox 86 361 1126 2547">
    <p class='ocr_par' dir='ltr' id='par_1_2' title="bbox 86 361 1126 2547">
     <span class='ocr_line' id='line_1_2' title="bbox 86 361 966 444; baseline 0.001 -20"><span class='ocrx_word' id='word_1_4' title='bbox 86 375 140 424; x_wconf 93' lang='grc'><strong>455</strong></span> <span class='ocrx_word' id='word_1_5' title='bbox 161 363 291 424; x_wconf 86' lang='lat' dir='ltr'><strong>Attonita</strong></span> <span class='ocrx_word' id='word_1_6' title='bbox 314 371 360 424; x_wconf 88' lang='lat' dir='ltr'><strong>est</strong></span> <span class='ocrx_word' id='word_1_7' title='bbox 382 361 521 442; x_wconf 77' lang='lat' dir='ltr'>plangore</span> <span class='ocrx_word' id='word_1_8' title='bbox 544 361 634 424; x_wconf 82' lang='lat' dir='ltr'><strong>Ceres</strong></span> <span class='ocrx_word' id='word_1_9' title='bbox 646 410 656 444; x_wconf 97' lang='lat'><strong>,</strong></span> <span class='ocrx_word' id='word_1_10' title='bbox 679 394 713 408; x_wconf 90' lang='lat'><strong>·-</strong></span> <span class='ocrx_word' id='word_1_11' title='bbox 736 364 823 425; x_wconf 91' lang='lat' dir='ltr'><strong>modo</strong></span> <span class='ocrx_word' id='word_1_12' title='bbox 846 371 966 426; x_wconf 88' lang='lat' dir='ltr'><strong>reuerat</strong></span> 
     </span>
     <span class='ocr_line' id='line_1_3' title="bbox 698 449 889 513; baseline 0.01 -2"><span class='ocrx_word' id='word_1_13' title='bbox 698 449 832 513; x_wconf 85' lang='lat' dir='ltr'><strong>Hennam</strong></span> <span class='ocrx_word' id='word_1_14' title='bbox 855 485 889 495; x_wconf 95' lang='lat'><strong>·-</strong></span> 
     </span>
     <span class='ocr_line' id='line_1_4' title="bbox 199 534 1068 619; baseline 0.002 -20"><span class='ocrx_word' id='word_1_15' title='bbox 199 539 259 599; x_wconf 88' lang='lat' dir='ltr'><strong>Nec</strong></span> <span class='ocrx_word' id='word_1_16' title='bbox 282 555 386 619; x_wconf 90' lang='lat' dir='ltr'><strong>mora,</strong></span> <span class='ocrx_word' id='word_1_17' title='bbox 410 534 473 599; x_wconf 78' lang='lat' dir='ltr'><strong>‘me</strong></span> <span class='ocrx_word' id='word_1_18' title='bbox 496 536 655 599; x_wconf 88' lang='lat' dir='ltr'><strong>miserami</strong></span> <span class='ocrx_word' id='word_1_19' title='bbox 679 538 737 599; x_wconf 85' lang='lat' dir='ltr'><strong>iilia</strong></span> <span class='ocrx_word' id='word_1_20' title='bbox 750 535 771 618; x_wconf 89' lang='lat'><strong>,&#39;</strong></span> <span class='ocrx_word' id='word_1_21' title='bbox 794 539 868 617; x_wconf 83' lang='lat' dir='ltr'><strong>dixit</strong></span> <span class='ocrx_word' id='word_1_22' title='bbox 890 535 958 600; x_wconf 79' lang='lat' dir='ltr'><strong>‘ubi</strong></span> <span class='ocrx_word' id='word_1_23' title='bbox 981 535 1068 601; x_wconf 71' lang='lat' dir='ltr'><strong>esti&#39;</strong></span> 
     </span>
     <span class='ocr_line' id='line_1_5' title="bbox 154 625 929 705; baseline 0 -18"><span class='ocrx_word' id='word_1_24' title='bbox 154 626 261 687; x_wconf 86' lang='lat' dir='ltr'><strong>Mentis</strong></span> <span class='ocrx_word' id='word_1_25' title='bbox 284 628 369 705; x_wconf 90' lang='lat' dir='ltr'><strong>inops</strong></span> <span class='ocrx_word' id='word_1_26' title='bbox 392 628 528 705; x_wconf 81' lang='lat' dir='ltr'><strong>rapitur,</strong></span> <span class='ocrx_word' id='word_1_27' title='bbox 551 625 653 704; x_wconf 89' lang='lat' dir='ltr'><strong>quales</strong></span> <span class='ocrx_word' id='word_1_28' title='bbox 676 625 778 687; x_wconf 90' lang='lat' dir='ltr'><strong>audire</strong></span> <span class='ocrx_word' id='word_1_29' title='bbox 801 626 929 689; x_wconf 89' lang='lat' dir='ltr'><strong>solemus</strong></span> 
     </span>
     <span class='ocr_line' id='line_1_6' title="bbox 200 713 825 775; baseline 0 -1"><span class='ocrx_word' id='word_1_30' title='bbox 200 714 350 775; x_wconf 87' lang='lat' dir='ltr'><strong>Threicias</strong></span> <span class='ocrx_word' id='word_1_31' title='bbox 374 714 449 773; x_wconf 86' lang='lat' dir='ltr'><strong>iusis</strong></span> <span class='ocrx_word' id='word_1_32' title='bbox 472 713 627 773; x_wconf 79' lang='lat' dir='ltr'><strong>maenadas</strong></span> <span class='ocrx_word' id='word_1_33' title='bbox 649 714 693 774; x_wconf 89' lang='lat' dir='ltr'><strong>ire</strong></span> <span class='ocrx_word' id='word_1_34' title='bbox 716 716 825 774; x_wconf 84' lang='lat' dir='ltr'><strong>comis.</strong></span> 
     </span>
     <span class='ocr_line' id='line_1_7' title="bbox 154 799 914 881; baseline 0 -19"><span class='ocrx_word' id='word_1_35' title='bbox 154 802 192 862; x_wconf 90' lang='lat' dir='ltr'><strong>Ut</strong></span> <span class='ocrx_word' id='word_1_36' title='bbox 215 802 305 863; x_wconf 87' lang='lat' dir='ltr'><strong>vitulo</strong></span> <span class='ocrx_word' id='word_1_37' title='bbox 328 803 423 879; x_wconf 89' lang='lat' dir='ltr'><strong>mugit</strong></span> <span class='ocrx_word' id='word_1_38' title='bbox 446 818 499 861; x_wconf 89' lang='lat' dir='ltr'><strong>sua</strong></span> <span class='ocrx_word' id='word_1_39' title='bbox 521 808 616 861; x_wconf 91' lang='lat' dir='ltr'><strong>mater</strong></span> <span class='ocrx_word' id='word_1_40' title='bbox 637 799 675 861; x_wconf 92' lang='lat' dir='ltr'><strong>ab</strong></span> <span class='ocrx_word' id='word_1_41' title='bbox 697 799 789 861; x_wconf 87' lang='lat' dir='ltr'><strong>ubere</strong></span> <span class='ocrx_word' id='word_1_42' title='bbox 812 809 914 881; x_wconf 92' lang='lat' dir='ltr'><strong>rapto,</strong></span> 
     </span>
     <span class='ocr_line' id='line_1_8' title="bbox 87 888 902 967; baseline -0.002 -16"><span class='ocrx_word' id='word_1_43' title='bbox 87 903 139 951; x_wconf 84' lang='grc'><strong>455</strong></span> <span class='ocrx_word' id='word_1_44' title='bbox 199 889 237 949; x_wconf 85' lang='lat' dir='ltr'><strong>Et</strong></span> <span class='ocrx_word' id='word_1_45' title='bbox 260 890 377 967; x_wconf 89' lang='lat' dir='ltr'><strong>quaerit</strong></span> <span class='ocrx_word' id='word_1_46' title='bbox 399 888 476 948; x_wconf 82' lang='lat' dir='ltr'><strong>setus</strong></span> <span class='ocrx_word' id='word_1_47' title='bbox 499 906 553 966; x_wconf 94' lang='lat' dir='ltr'><strong>per</strong></span> <span class='ocrx_word' id='word_1_48' title='bbox 575 906 681 949; x_wconf 89' lang='lat' dir='ltr'><strong>nemus</strong></span> <span class='ocrx_word' id='word_1_49' title='bbox 703 906 790 949; x_wconf 90' lang='lat' dir='ltr'><strong>omne</strong></span> <span class='ocrx_word' id='word_1_50' title='bbox 813 906 902 950; x_wconf 84' lang='lat' dir='ltr'><strong>euos:</strong></span> 
     </span>
     <span class='ocr_line' id='line_1_9' title="bbox 155 977 968 1058; baseline -0.001 -21"><span class='ocrx_word' id='word_1_51' title='bbox 155 977 204 1037; x_wconf 90' lang='lat' dir='ltr'><strong>Sic</strong></span> <span class='ocrx_word' id='word_1_52' title='bbox 228 977 282 1037; x_wconf 92' lang='lat' dir='ltr'><strong>dea</strong></span> <span class='ocrx_word' id='word_1_53' title='bbox 305 993 360 1036; x_wconf 89' lang='lat' dir='ltr'><strong>nec</strong></span> <span class='ocrx_word' id='word_1_54' title='bbox 383 978 492 1036; x_wconf 88' lang='lat' dir='ltr'><strong>retinet</strong></span> <span class='ocrx_word' id='word_1_55' title='bbox 514 977 662 1058; x_wconf 90' lang='lat' dir='ltr'><strong>gemitus,</strong></span> <span class='ocrx_word' id='word_1_56' title='bbox 686 984 717 1037; x_wconf 89' lang='grc'><strong>55</strong></span> <span class='ocrx_word' id='word_1_57' title='bbox 738 979 853 1037; x_wconf 84' lang='lat' dir='ltr'><strong>concita</strong></span> <span class='ocrx_word' id='word_1_58' title='bbox 875 993 968 1038; x_wconf 84' lang='lat' dir='ltr'><strong>cursu</strong></span> 
     </span>
     <span class='ocr_line' id='line_1_10' title="bbox 199 1063 951 1146; baseline 0.001 -23"><span class='ocrx_word' id='word_1_59' title='bbox 199 1064 328 1144; x_wconf 82' lang='lat' dir='ltr'><strong>Fertur,</strong></span> <span class='ocrx_word' id='word_1_60' title='bbox 352 1072 382 1124; x_wconf 90' lang='grc'><strong>55</strong></span> <span class='ocrx_word' id='word_1_61' title='bbox 405 1082 421 1124; x_wconf 90' lang='grc'><strong>5</strong></span> <span class='ocrx_word' id='word_1_62' title='bbox 445 1066 556 1142; x_wconf 89' lang='lat' dir='ltr'><strong>campis</strong></span> <span class='ocrx_word' id='word_1_63' title='bbox 578 1066 704 1146; x_wconf 91' lang='lat' dir='ltr'><strong>incipit,</strong></span> <span class='ocrx_word' id='word_1_64' title='bbox 726 1063 852 1144; x_wconf 88' lang='lat' dir='ltr'><strong>Henna,</strong></span> <span class='ocrx_word' id='word_1_65' title='bbox 874 1066 951 1126; x_wconf 87' lang='lat' dir='ltr'><strong>tuis.</strong></span> 
     </span>
     <span class='ocr_line' id='line_1_11' title="bbox 155 1151 865 1232; baseline 0.003 -21"><span class='ocrx_word' id='word_1_66' title='bbox 155 1153 226 1212; x_wconf 88' lang='lat' dir='ltr'><strong>inde</strong></span> <span class='ocrx_word' id='word_1_67' title='bbox 249 1151 389 1231; x_wconf 91' lang='lat' dir='ltr'><strong>puellaris</strong></span> <span class='ocrx_word' id='word_1_68' title='bbox 412 1160 496 1213; x_wconf 92' lang='lat' dir='ltr'><strong>nacta</strong></span> <span class='ocrx_word' id='word_1_69' title='bbox 519 1160 566 1213; x_wconf 88' lang='lat' dir='ltr'><strong>est</strong></span> <span class='ocrx_word' id='word_1_70' title='bbox 587 1154 709 1231; x_wconf 85' lang='lat' dir='ltr'><strong>vestigia</strong></span> <span class='ocrx_word' id='word_1_71' title='bbox 731 1153 865 1232; x_wconf 85' lang='lat' dir='ltr'><strong>plantae,</strong></span> 
     </span>
     <span class='ocr_line' id='line_1_12' title="bbox 199 1238 896 1320; baseline 0.001 -21"><span class='ocrx_word' id='word_1_72' title='bbox 199 1238 237 1300; x_wconf 87' lang='lat' dir='ltr'><strong>Et</strong></span> <span class='ocrx_word' id='word_1_73' title='bbox 259 1257 392 1318; x_wconf 87' lang='lat' dir='ltr'><strong>pressam</strong></span> <span class='ocrx_word' id='word_1_74' title='bbox 415 1248 485 1300; x_wconf 83' lang='lat' dir='ltr'><strong>noto</strong></span> <span class='ocrx_word' id='word_1_75' title='bbox 508 1240 639 1318; x_wconf 87' lang='lat' dir='ltr'><strong>pondere</strong></span> <span class='ocrx_word' id='word_1_76' title='bbox 662 1238 734 1300; x_wconf 82' lang='lat' dir='ltr'><strong>vidit</strong></span> <span class='ocrx_word' id='word_1_77' title='bbox 755 1239 896 1320; x_wconf 72' lang='lat' dir='ltr'><strong>humum,</strong></span> 
     </span>
     <span class='ocr_line' id='line_1_13' title="bbox 87 1326 861 1408; baseline -0.001 -19"><span class='ocrx_word' id='word_1_78' title='bbox 87 1341 139 1389; x_wconf 84' lang='grc'><strong>455</strong></span> <span class='ocrx_word' id='word_1_79' title='bbox 155 1328 290 1388; x_wconf 87' lang='lat' dir='ltr'><strong>Forsitan</strong></span> <span class='ocrx_word' id='word_1_80' title='bbox 313 1327 361 1388; x_wconf 90' lang='lat' dir='ltr'><strong>illa</strong></span> <span class='ocrx_word' id='word_1_81' title='bbox 384 1326 448 1388; x_wconf 87' lang='lat' dir='ltr'><strong>dies</strong></span> <span class='ocrx_word' id='word_1_82' title='bbox 471 1329 581 1388; x_wconf 86' lang='lat' dir='ltr'><strong>erroris</strong></span> <span class='ocrx_word' id='word_1_83' title='bbox 605 1344 718 1388; x_wconf 90' lang='lat' dir='ltr'><strong>summa</strong></span> <span class='ocrx_word' id='word_1_84' title='bbox 741 1327 861 1408; x_wconf 83' lang='lat' dir='ltr'><strong>inisset,</strong></span> 
     </span>
     <span class='ocr_line' id='line_1_14' title="bbox 200 1414 861 1494; baseline -0.002 -19"><span class='ocrx_word' id='word_1_85' title='bbox 200 1414 231 1475; x_wconf 92' lang='lat' dir='ltr'><strong>Si</strong></span> <span class='ocrx_word' id='word_1_86' title='bbox 254 1433 312 1476; x_wconf 90' lang='lat' dir='ltr'><strong>non</strong></span> <span class='ocrx_word' id='word_1_87' title='bbox 336 1414 507 1476; x_wconf 77' lang='lat' dir='ltr'><strong>turbassent</strong></span> <span class='ocrx_word' id='word_1_88' title='bbox 528 1415 612 1494; x_wconf 86' lang='lat' dir='ltr'><strong>signa</strong></span> <span class='ocrx_word' id='word_1_89' title='bbox 633 1422 752 1493; x_wconf 89' lang='lat' dir='ltr'><strong>reperta</strong></span> <span class='ocrx_word' id='word_1_90' title='bbox 774 1430 861 1475; x_wconf 86' lang='lat' dir='ltr'><strong>sues.</strong></span> 
     </span>
     <span class='ocr_line' id='line_1_15' title="bbox 154 1501 941 1581; baseline 0.001 -19"><span class='ocrx_word' id='word_1_91' title='bbox 154 1503 272 1581; x_wconf 84' lang='lat' dir='ltr'><strong>lamque</strong></span> <span class='ocrx_word' id='word_1_92' title='bbox 295 1501 455 1563; x_wconf 87' lang='lat' dir='ltr'><strong>Leontinos</strong></span> <span class='ocrx_word' id='word_1_93' title='bbox 477 1502 684 1581; x_wconf 78' lang='lat' dir='ltr'><strong>Amenanaque</strong></span> <span class='ocrx_word' id='word_1_94' title='bbox 706 1502 827 1562; x_wconf 84' lang='lat' dir='ltr'><strong>humina</strong></span> <span class='ocrx_word' id='word_1_95' title='bbox 849 1519 941 1563; x_wconf 90' lang='lat' dir='ltr'><strong>cursu</strong></span> 
     </span>
     <span class='ocr_line' id='line_1_16' title="bbox 198 1589 877 1671; baseline 0 -21"><span class='ocrx_word' id='word_1_96' title='bbox 198 1591 346 1651; x_wconf 87' lang='lat' dir='ltr'><strong>Praeterit</strong></span> <span class='ocrx_word' id='word_1_97' title='bbox 368 1598 397 1651; x_wconf 90' lang='lat' dir='ltr'><strong>et</strong></span> <span class='ocrx_word' id='word_1_98' title='bbox 420 1593 521 1670; x_wconf 85' lang='lat' dir='ltr'><strong>ripas,</strong></span> <span class='ocrx_word' id='word_1_99' title='bbox 544 1589 676 1651; x_wconf 88' lang='lat' dir='ltr'><strong>herbiier</strong></span> <span class='ocrx_word' id='word_1_100' title='bbox 698 1589 751 1650; x_wconf 85' lang='lat' dir='ltr'><strong>Aoi</strong></span> <span class='ocrx_word' id='word_1_101' title='bbox 763 1637 772 1671; x_wconf 95' lang='lat'><strong>,</strong></span> <span class='ocrx_word' id='word_1_102' title='bbox 795 1597 877 1651; x_wconf 81' lang='lat' dir='ltr'><strong>tuas:</strong></span> 
     </span>
     <span class='ocr_line' id='line_1_17' title="bbox 154 1677 881 1758; baseline 0 -21"><span class='ocrx_word' id='word_1_103' title='bbox 154 1678 301 1739; x_wconf 86' lang='lat' dir='ltr'><strong>Praeterit</strong></span> <span class='ocrx_word' id='word_1_104' title='bbox 323 1686 354 1739; x_wconf 91' lang='lat' dir='ltr'><strong>et</strong></span> <span class='ocrx_word' id='word_1_105' title='bbox 376 1677 494 1758; x_wconf 81' lang='lat' dir='ltr'><strong>Cyanen</strong></span> <span class='ocrx_word' id='word_1_106' title='bbox 517 1686 547 1739; x_wconf 91' lang='lat' dir='ltr'><strong>et</strong></span> <span class='ocrx_word' id='word_1_107' title='bbox 569 1679 666 1739; x_wconf 83' lang='lat' dir='ltr'><strong>fontes</strong></span> <span class='ocrx_word' id='word_1_108' title='bbox 689 1677 765 1738; x_wconf 89' lang='lat' dir='ltr'><strong>lenis</strong></span> <span class='ocrx_word' id='word_1_109' title='bbox 786 1677 881 1758; x_wconf 83' lang='lat' dir='ltr'><strong>Anapi</strong></span> 
     </span>
     <span class='ocr_line' id='line_1_18' title="bbox 86 1764 843 1846; baseline -0.001 -19"><span class='ocrx_word' id='word_1_110' title='bbox 86 1780 139 1827; x_wconf 79' lang='lat'><strong>470</strong></span> <span class='ocrx_word' id='word_1_111' title='bbox 199 1765 237 1826; x_wconf 87' lang='lat' dir='ltr'><strong>Et</strong></span> <span class='ocrx_word' id='word_1_112' title='bbox 259 1774 310 1846; x_wconf 90' lang='lat' dir='ltr'><strong>te,</strong></span> <span class='ocrx_word' id='word_1_113' title='bbox 332 1765 493 1827; x_wconf 85' lang='lat' dir='ltr'><strong>verticibus</strong></span> <span class='ocrx_word' id='word_1_114' title='bbox 516 1784 576 1827; x_wconf 87' lang='lat' dir='ltr'><strong>non</strong></span> <span class='ocrx_word' id='word_1_115' title='bbox 599 1765 732 1827; x_wconf 90' lang='lat' dir='ltr'><strong>adeunda</strong></span> <span class='ocrx_word' id='word_1_116' title='bbox 756 1764 843 1827; x_wconf 84' lang='lat' dir='ltr'><strong>Gaia.</strong></span> 
     </span>
     <span class='ocr_line' id='line_1_19' title="bbox 155 1852 932 1934; baseline 0.003 -22"><span class='ocrx_word' id='word_1_117' title='bbox 155 1852 296 1931; x_wconf 87' lang='lat' dir='ltr'><strong>Liquerat</strong></span> <span class='ocrx_word' id='word_1_118' title='bbox 318 1852 457 1934; x_wconf 79' lang='lat' dir='ltr'><strong>Ortygien</strong></span> <span class='ocrx_word' id='word_1_119' title='bbox 480 1852 673 1933; x_wconf 82' lang='lat' dir='ltr'><strong>Megareaque</strong></span> <span class='ocrx_word' id='word_1_120' title='bbox 696 1852 932 1934; x_wconf 77' lang='lat' dir='ltr'><strong>Pantagienque,</strong></span> 
     </span>
     <span class='ocr_line' id='line_1_20' title="bbox 200 1940 927 2022; baseline 0.003 -22"><span class='ocrx_word' id='word_1_121' title='bbox 200 1940 321 2020; x_wconf 82' lang='lat' dir='ltr'><strong>Quaque</strong></span> <span class='ocrx_word' id='word_1_122' title='bbox 345 1940 532 2021; x_wconf 82' lang='lat' dir='ltr'><strong>Symaetheas</strong></span> <span class='ocrx_word' id='word_1_123' title='bbox 556 1944 663 2022; x_wconf 88' lang='lat' dir='ltr'><strong>accipit</strong></span> <span class='ocrx_word' id='word_1_124' title='bbox 685 1959 796 2022; x_wconf 91' lang='lat' dir='ltr'><strong>aequor</strong></span> <span class='ocrx_word' id='word_1_125' title='bbox 818 1959 927 2022; x_wconf 89' lang='lat' dir='ltr'><strong>aquas,</strong></span> 
     </span>
     <span class='ocr_line' id='line_1_21' title="bbox 154 2029 903 2110; baseline 0.001 -21"><span class='ocrx_word' id='word_1_126' title='bbox 154 2029 303 2107; x_wconf 80' lang='lat' dir='ltr'><strong>Antraque</strong></span> <span class='ocrx_word' id='word_1_127' title='bbox 327 2029 486 2109; x_wconf 81' lang='lat' dir='ltr'><strong>Cyclopum</strong></span> <span class='ocrx_word' id='word_1_128' title='bbox 510 2032 614 2109; x_wconf 82' lang='lat' dir='ltr'><strong>positis</strong></span> <span class='ocrx_word' id='word_1_129' title='bbox 636 2039 739 2092; x_wconf 81' lang='lat' dir='ltr'><strong>exusta</strong></span> <span class='ocrx_word' id='word_1_130' title='bbox 763 2032 903 2110; x_wconf 78' lang='lat' dir='ltr'><strong>caminia,</strong></span> 
     </span>
     <span class='ocr_line' id='line_1_22' title="bbox 199 2117 926 2194; baseline 0.001 -17"><span class='ocrx_word' id='word_1_131' title='bbox 199 2118 314 2194; x_wconf 83' lang='lat' dir='ltr'><strong>Quique</strong></span> <span class='ocrx_word' id='word_1_132' title='bbox 339 2117 423 2177; x_wconf 89' lang='lat' dir='ltr'><strong>locus</strong></span> <span class='ocrx_word' id='word_1_133' title='bbox 446 2134 553 2177; x_wconf 85' lang='lat' dir='ltr'><strong>curvae</strong></span> <span class='ocrx_word' id='word_1_134' title='bbox 575 2119 694 2179; x_wconf 89' lang='lat' dir='ltr'><strong>nomina</strong></span> <span class='ocrx_word' id='word_1_135' title='bbox 716 2117 799 2179; x_wconf 86' lang='lat' dir='ltr'><strong>iaicis</strong></span> <span class='ocrx_word' id='word_1_136' title='bbox 819 2117 926 2178; x_wconf 89' lang='lat' dir='ltr'><strong>hahet:</strong></span> 
     </span>
     <span class='ocr_line' id='line_1_23' title="bbox 87 2202 1064 2285; baseline -0.002 -18"><span class='ocrx_word' id='word_1_137' title='bbox 87 2217 139 2266; x_wconf 84' lang='grc'><strong>455</strong></span> <span class='ocrx_word' id='word_1_138' title='bbox 155 2204 333 2281; x_wconf 90' lang='lat' dir='ltr'><strong>Himeraque</strong></span> <span class='ocrx_word' id='word_1_139' title='bbox 352 2211 382 2262; x_wconf 87' lang='lat' dir='ltr'><strong>et</strong></span> <span class='ocrx_word' id='word_1_140' title='bbox 399 2202 541 2281; x_wconf 86' lang='lat' dir='ltr'><strong>Didymen</strong></span> <span class='ocrx_word' id='word_1_141' title='bbox 555 2202 775 2282; x_wconf 77' lang='lat' dir='ltr'><strong>Acragantaque</strong></span> <span class='ocrx_word' id='word_1_142' title='bbox 788 2204 1064 2285; x_wconf 80' lang='lat' dir='ltr'><strong>Tauromenenque,</strong></span> 
     </span>
     <span class='ocr_line' id='line_1_24' title="bbox 199 2288 1069 2369; baseline 0.001 -18"><span class='ocrx_word' id='word_1_143' title='bbox 199 2292 416 2369; x_wconf 81' lang='lat' dir='ltr'><strong>sacrarumque</strong></span> <span class='ocrx_word' id='word_1_144' title='bbox 438 2288 533 2351; x_wconf 85' lang='lat' dir='ltr'><strong>Melan</strong></span> <span class='ocrx_word' id='word_1_145' title='bbox 555 2307 665 2369; x_wconf 86' lang='lat' dir='ltr'><strong>pascua</strong></span> <span class='ocrx_word' id='word_1_146' title='bbox 686 2289 762 2351; x_wconf 92' lang='grc'>15555</span> <span class='ocrx_word' id='word_1_147' title='bbox 784 2290 892 2353; x_wconf 85' lang='lat' dir='ltr'><strong>houm.</strong></span> <span class='ocrx_word' id='word_1_148' title='bbox 1024 2322 1069 2336; x_wconf 92' lang='lat'><strong>-·</strong></span> 
     </span>
     <span class='ocr_line' id='line_1_25' title="bbox 155 2376 1126 2459; baseline 0 -19"><span class='ocrx_word' id='word_1_149' title='bbox 155 2380 230 2440; x_wconf 90' lang='lat' dir='ltr'><strong>Hinc</strong></span> <span class='ocrx_word' id='word_1_150' title='bbox 250 2379 424 2440; x_wconf 87' lang='lat' dir='ltr'><strong>Camerinan</strong></span> <span class='ocrx_word' id='word_1_151' title='bbox 442 2377 524 2454; x_wconf 87' lang='lat' dir='ltr'><strong>adit,</strong></span> <span class='ocrx_word' id='word_1_152' title='bbox 543 2378 739 2457; x_wconf 85' lang='lat' dir='ltr'><strong>Thapsonque</strong></span> <span class='ocrx_word' id='word_1_153' title='bbox 758 2385 789 2438; x_wconf 87' lang='lat' dir='ltr'><strong>et</strong></span> <span class='ocrx_word' id='word_1_154' title='bbox 806 2376 924 2439; x_wconf 88' lang='lat' dir='ltr'><strong>Heloria</strong></span> <span class='ocrx_word' id='word_1_155' title='bbox 941 2378 1068 2459; x_wconf 80' lang='lat' dir='ltr'><strong>Tempe,</strong></span> <span class='ocrx_word' id='word_1_156' title='bbox 1120 2386 1126 2399; x_wconf 60' lang='lat'>⁸</span> 
     </span>
     <span class='ocr_line' id='line_1_26' title="bbox 198 2463 975 2547; baseline -0.003 -18"><span class='ocrx_word' id='word_1_157' title='bbox 198 2468 320 2547; x_wconf 86' lang='lat' dir='ltr'><strong>Quaque</strong></span> <span class='ocrx_word' id='word_1_158' title='bbox 343 2475 424 2547; x_wconf 93' lang='lat' dir='ltr'><strong>patet</strong></span> <span class='ocrx_word' id='word_1_159' title='bbox 446 2466 573 2546; x_wconf 89' lang='lat' dir='ltr'><strong>zephyro</strong></span> <span class='ocrx_word' id='word_1_160' title='bbox 595 2482 714 2544; x_wconf 85' lang='lat' dir='ltr'><strong>semper</strong></span> <span class='ocrx_word' id='word_1_161' title='bbox 736 2472 857 2544; x_wconf 87' lang='lat' dir='ltr'><strong>apertus</strong></span> <span class='ocrx_word' id='word_1_162' title='bbox 879 2463 975 2545; x_wconf 80' lang='lat' dir='ltr'><strong>Eryx.</strong></span> 
     </span>
    </p>
   </div>
   <div class='ocr_carea' id='block_1_3' title="bbox 153 2552 1153 2635">
    <p class='ocr_par' dir='ltr' id='par_1_3' title="bbox 153 2552 1153 2635">
     <span class='ocr_line' id='line_1_27' title="bbox 153 2552 1153 2635; baseline -0.003 -18"><span class='ocrx_word' id='word_1_163' title='bbox 153 2557 273 2635; x_wconf 87' lang='lat' dir='ltr'><strong>lamque</strong></span> <span class='ocrx_word' id='word_1_164' title='bbox 296 2554 470 2616; x_wconf 90' lang='lat' dir='ltr'><strong>Peloriaden</strong></span> <span class='ocrx_word' id='word_1_165' title='bbox 491 2553 708 2635; x_wconf 82' lang='lat' dir='ltr'><strong>Lilybaeaque,</strong></span> <span class='ocrx_word' id='word_1_166' title='bbox 730 2555 848 2632; x_wconf 85' lang='lat' dir='ltr'><strong>iamque</strong></span> <span class='ocrx_word' id='word_1_167' title='bbox 871 2552 1028 2633; x_wconf 88' lang='lat' dir='ltr'><strong>Paehynon</strong></span> <span class='ocrx_word' id='word_1_168' title='bbox 1148 2564 1153 2569; x_wconf 82' lang='lat'>·</span> 
     </span>
    </p>
   </div>
   <div class='ocr_carea' id='block_1_4' title="bbox 86 2643 1078 3511">
    <p class='ocr_par' dir='ltr' id='par_1_4' title="bbox 86 2643 1078 3511">
     <span class='ocr_line' id='line_1_28' title="bbox 86 2643 947 2724; baseline -0.002 -20"><span class='ocrx_word' id='word_1_169' title='bbox 86 2657 139 2705; x_wconf 82' lang='lat'><strong>480</strong></span> <span class='ocrx_word' id='word_1_170' title='bbox 198 2643 351 2705; x_wconf 86' lang='lat' dir='ltr'><strong>Lustrarat</strong></span> <span class='ocrx_word' id='word_1_171' title='bbox 363 2690 372 2724; x_wconf 98' lang='lat'><strong>,</strong></span> <span class='ocrx_word' id='word_1_172' title='bbox 395 2649 493 2704; x_wconf 90' lang='lat' dir='ltr'><strong>terrae</strong></span> <span class='ocrx_word' id='word_1_173' title='bbox 516 2659 627 2705; x_wconf 87' lang='lat' dir='ltr'><strong>cornua</strong></span> <span class='ocrx_word' id='word_1_174' title='bbox 649 2644 727 2704; x_wconf 89' lang='lat' dir='ltr'><strong>trina</strong></span> <span class='ocrx_word' id='word_1_175' title='bbox 748 2658 837 2703; x_wconf 83' lang='lat' dir='ltr'><strong>suae.</strong></span> <span class='ocrx_word' id='word_1_176' title='bbox 938 2667 947 2685; x_wconf 91' lang='lat'><strong>·</strong></span> 
     </span>
     <span class='ocr_line' id='line_1_29' title="bbox 154 2728 1068 2811; baseline 0 -20"><span class='ocrx_word' id='word_1_177' title='bbox 154 2731 344 2811; x_wconf 73' lang='lat' dir='ltr'><strong>Oceanumque</strong></span> <span class='ocrx_word' id='word_1_178' title='bbox 367 2730 556 2811; x_wconf 88' lang='lat' dir='ltr'><strong>ingreditur,</strong></span> <span class='ocrx_word' id='word_1_179' title='bbox 579 2732 696 2791; x_wconf 83' lang='lat' dir='ltr'><strong>miseris</strong></span> <span class='ocrx_word' id='word_1_180' title='bbox 717 2728 782 2791; x_wconf 85' lang='grc'>1555</span> <span class='ocrx_word' id='word_1_181' title='bbox 800 2736 907 2791; x_wconf 83' lang='lat' dir='ltr'><strong>cuncta</strong></span> <span class='ocrx_word' id='word_1_182' title='bbox 926 2728 1068 2809; x_wconf 81' lang='lat' dir='ltr'><strong>querellis</strong></span> 
     </span>
     <span class='ocr_line' id='line_1_30' title="bbox 198 2815 933 2898; baseline 0.001 -22"><span class='ocrx_word' id='word_1_183' title='bbox 198 2817 324 2898; x_wconf 84' lang='lat' dir='ltr'><strong>Implet,</strong></span> <span class='ocrx_word' id='word_1_184' title='bbox 346 2827 381 2880; x_wconf 91' lang='lat' dir='ltr'><strong>ut</strong></span> <span class='ocrx_word' id='word_1_185' title='bbox 402 2821 542 2880; x_wconf 87' lang='lat' dir='ltr'><strong>amissum</strong></span> <span class='ocrx_word' id='word_1_186' title='bbox 566 2834 635 2879; x_wconf 87' lang='lat' dir='ltr'><strong>enm</strong></span> <span class='ocrx_word' id='word_1_187' title='bbox 656 2819 748 2896; x_wconf 84' lang='lat' dir='ltr'><strong>gemit</strong></span> <span class='ocrx_word' id='word_1_188' title='bbox 769 2815 830 2878; x_wconf 87' lang='lat' dir='ltr'><strong>ales</strong></span> <span class='ocrx_word' id='word_1_189' title='bbox 851 2816 933 2897; x_wconf 88' lang='lat' dir='ltr'><strong>ltyn.</strong></span> 
     </span>
     <span class='ocr_line' id='line_1_31' title="bbox 155 2898 991 2984; baseline 0.004 -24"><span class='ocrx_word' id='word_1_190' title='bbox 155 2903 269 2981; x_wconf 89' lang='lat' dir='ltr'><strong>Perque</strong></span> <span class='ocrx_word' id='word_1_191' title='bbox 291 2907 371 2967; x_wconf 81' lang='lat' dir='ltr'><strong>vices</strong></span> <span class='ocrx_word' id='word_1_192' title='bbox 393 2905 481 2966; x_wconf 93' lang='lat' dir='ltr'><strong>modo</strong></span> <span class='ocrx_word' id='word_1_193' title='bbox 505 2899 745 2984; x_wconf 81' lang='lat' dir='ltr'><strong>‘Persephonei&#39;</strong></span> <span class='ocrx_word' id='word_1_194' title='bbox 769 2903 856 2967; x_wconf 89' lang='lat' dir='ltr'><strong>modo</strong></span> <span class='ocrx_word' id='word_1_195' title='bbox 879 2900 953 2966; x_wconf 82' lang='lat' dir='ltr'><strong>‘uha</strong></span> <span class='ocrx_word' id='word_1_196' title='bbox 967 2898 991 2964; x_wconf 82' lang='lat' dir='ltr'><strong>t’</strong></span> 
     </span>
     <span class='ocr_line' id='line_1_32' title="bbox 697 2990 820 3073; baseline 0 -18"><span class='ocrx_word' id='word_1_197' title='bbox 697 2990 820 3073; x_wconf 86' lang='lat' dir='ltr'><strong>clamat,</strong></span> 
     </span>
     <span class='ocr_line' id='line_1_33' title="bbox 199 3076 959 3159; baseline 0 -21"><span class='ocrx_word' id='word_1_198' title='bbox 199 3076 332 3159; x_wconf 82' lang='lat' dir='ltr'><strong>Clamat,</strong></span> <span class='ocrx_word' id='word_1_199' title='bbox 355 3087 386 3140; x_wconf 90' lang='grc'><strong>55</strong></span> <span class='ocrx_word' id='word_1_200' title='bbox 406 3079 528 3143; x_wconf 84' lang='lat' dir='ltr'><strong>alternis</strong></span> <span class='ocrx_word' id='word_1_201' title='bbox 550 3097 658 3142; x_wconf 86' lang='lat' dir='ltr'><strong>nomeu</strong></span> <span class='ocrx_word' id='word_1_202' title='bbox 680 3088 841 3159; x_wconf 88' lang='lat' dir='ltr'><strong>utrumque</strong></span> <span class='ocrx_word' id='word_1_203' title='bbox 864 3079 959 3158; x_wconf 79' lang='lat' dir='ltr'><strong>ciet,</strong></span> 
     </span>
     <span class='ocr_line' id='line_1_34' title="bbox 87 3165 1078 3248; baseline 0 -19"><span class='ocrx_word' id='word_1_204' title='bbox 87 3181 138 3229; x_wconf 84' lang='grc'><strong>455</strong></span> <span class='ocrx_word' id='word_1_205' title='bbox 155 3165 212 3226; x_wconf 85' lang='lat' dir='ltr'><strong>Sed</strong></span> <span class='ocrx_word' id='word_1_206' title='bbox 237 3182 334 3244; x_wconf 89' lang='lat' dir='ltr'><strong>neque</strong></span> <span class='ocrx_word' id='word_1_207' title='bbox 356 3165 544 3248; x_wconf 87' lang='lat' dir='ltr'><strong>Persephone</strong></span> <span class='ocrx_word' id='word_1_208' title='bbox 566 3167 730 3248; x_wconf 78' lang='lat' dir='ltr'><strong>Cererem,</strong></span> <span class='ocrx_word' id='word_1_209' title='bbox 750 3184 807 3228; x_wconf 89' lang='lat' dir='ltr'><strong>nec</strong></span> <span class='ocrx_word' id='word_1_210' title='bbox 829 3165 888 3227; x_wconf 89' lang='lat' dir='ltr'><strong>iiiia</strong></span> <span class='ocrx_word' id='word_1_211' title='bbox 910 3170 1035 3227; x_wconf 87' lang='lat' dir='ltr'><strong>matrem</strong></span> <span class='ocrx_word' id='word_1_212' title='bbox 1075 3222 1078 3229; x_wconf 28' lang='lat' dir='ltr'><strong>r</strong></span> 
     </span>
     <span class='ocr_line' id='line_1_35' title="bbox 197 3253 934 3334; baseline 0.001 -21"><span class='ocrx_word' id='word_1_213' title='bbox 197 3253 307 3334; x_wconf 87' lang='lat' dir='ltr'><strong>Audit,</strong></span> <span class='ocrx_word' id='word_1_214' title='bbox 331 3261 361 3314; x_wconf 89' lang='lat' dir='ltr'><strong>et</strong></span> <span class='ocrx_word' id='word_1_215' title='bbox 382 3253 503 3318; x_wconf 81' lang='grc'>51555515</span> <span class='ocrx_word' id='word_1_216' title='bbox 525 3272 633 3316; x_wconf 89' lang='lat' dir='ltr'><strong>nomen</strong></span> <span class='ocrx_word' id='word_1_217' title='bbox 656 3263 816 3332; x_wconf 84' lang='lat' dir='ltr'><strong>utrumque</strong></span> <span class='ocrx_word' id='word_1_218' title='bbox 839 3254 934 3334; x_wconf 83' lang='lat' dir='ltr'><strong>perit3</strong></span> 
     </span>
     <span class='ocr_line' id='line_1_36' title="bbox 153 3340 949 3422; baseline 0.003 -22"><span class='ocrx_word' id='word_1_219' title='bbox 153 3341 297 3422; x_wconf 89' lang='lat' dir='ltr'><strong>Unaque,</strong></span> <span class='ocrx_word' id='word_1_220' title='bbox 320 3349 469 3421; x_wconf 83' lang='lat' dir='ltr'><strong>pastorem</strong></span> <span class='ocrx_word' id='word_1_221' title='bbox 491 3343 613 3405; x_wconf 84' lang='lat' dir='ltr'><strong>vidisset</strong></span> <span class='ocrx_word' id='word_1_222' title='bbox 635 3359 673 3402; x_wconf 88' lang='lat' dir='ltr'><strong>au</strong></span> <span class='ocrx_word' id='word_1_223' title='bbox 694 3358 763 3403; x_wconf 84' lang='grc'>5555</span> <span class='ocrx_word' id='word_1_224' title='bbox 785 3340 949 3422; x_wconf 85' lang='lat' dir='ltr'><strong>colentem,</strong></span> 
     </span>
     <span class='ocr_line' id='line_1_37' title="bbox 196 3423 946 3511; baseline 0.003 -24"><span class='ocrx_word' id='word_1_225' title='bbox 196 3428 257 3490; x_wconf 79' lang='lat' dir='ltr'><strong>Vox</strong></span> <span class='ocrx_word' id='word_1_226' title='bbox 281 3437 345 3491; x_wconf 88' lang='lat' dir='ltr'><strong>erat</strong></span> <span class='ocrx_word' id='word_1_227' title='bbox 367 3424 438 3491; x_wconf 78' lang='lat' dir='ltr'><strong>‘hac</strong></span> <span class='ocrx_word' id='word_1_228' title='bbox 458 3448 581 3511; x_wconf 77' lang='lat' dir='ltr'><strong>gressm</strong></span> <span class='ocrx_word' id='word_1_229' title='bbox 602 3446 696 3509; x_wconf 88' lang='lat' dir='ltr'><strong>ecqua</strong></span> <span class='ocrx_word' id='word_1_230' title='bbox 718 3427 816 3510; x_wconf 86' lang='lat' dir='ltr'><strong>puelia</strong></span> <span class='ocrx_word' id='word_1_231' title='bbox 837 3423 946 3491; x_wconf 77' lang='lat' dir='ltr'><strong>tniitP&#39;</strong></span> 
     </span>
    </p>
   </div>
   <div class='ocr_carea' id='block_1_5' title="bbox 152 3516 1030 3615">
    <p class='ocr_par' dir='ltr' id='par_1_5' title="bbox 152 3516 1030 3615">
     <span class='ocr_line' id='line_1_38' title="bbox 152 3516 1030 3615; baseline 0.003 -39"><span class='ocrx_word' id='word_1_232' title='bbox 152 3517 212 3578; x_wconf 89' lang='lat' dir='ltr'><strong>iam</strong></span> <span class='ocrx_word' id='word_1_233' title='bbox 235 3517 316 3580; x_wconf 87' lang='lat' dir='ltr'><strong>color</strong></span> <span class='ocrx_word' id='word_1_234' title='bbox 338 3534 418 3580; x_wconf 86' lang='lat' dir='ltr'><strong>nnus</strong></span> <span class='ocrx_word' id='word_1_235' title='bbox 440 3519 519 3581; x_wconf 83' lang='lat' dir='ltr'><strong>inest</strong></span> <span class='ocrx_word' id='word_1_236' title='bbox 539 3516 631 3580; x_wconf 86' lang='lat' dir='ltr'><strong>rehua</strong></span> <span class='ocrx_word' id='word_1_237' title='bbox 642 3562 652 3598; x_wconf 98' lang='lat'><strong>,</strong></span> <span class='ocrx_word' id='word_1_238' title='bbox 675 3516 866 3615; x_wconf 74' lang='lat' dir='ltr'><strong>tenebrisque</strong></span> <span class='ocrx_word' id='word_1_239' title='bbox 888 3523 1030 3598; x_wconf 85' lang='lat' dir='ltr'><strong>teguntur</strong></span> 
     </span>
    </p>
   </div>
   <div class='ocr_carea' id='block_1_6' title="bbox 0 0 1201 3892">
    <p class='ocr_par' dir='ltr' id='par_1_6' title="bbox 0 0 1201 3892">
     <span class='ocr_line' id='line_1_39' title="bbox 0 0 1201 3892; baseline 0 0"><span class='ocrx_word' id='word_1_240' title='bbox 0 0 1201 3892; x_wconf 95' lang='lat' dir='ltr'><strong> </strong></span> 
     </span>
    </p>
   </div>
  </div>
 </body>
</html>
