2386 3892
977 176 1069 232 XXXI

60 359 188 417 quarum
212 340 312 400 nescio
336 359 374 399 an
397 339 552 416 dispositio
576 359 668 418 aeque
691 342 730 400 ad
751 342 926 403 facilitatem
945 344 1070 404 antistet

10 448 16 497 ·,
63 428 204 503 Ponticis,
228 447 263 487 ac
286 428 411 488 Pontica
434 428 615 504 superabant
638 429 712 488 Ibin.

147 516 251 576 Prima
274 516 366 575 series
390 516 567 592 paginarum
586 521 632 577 eet
653 530 744 593 xL11,
767 518 805 576 ad
829 531 855 578 11
878 522 942 579 204
965 538 1068 594 usque.

64 604 130 663 libri
141 605 234 679 primi
251 604 388 663 versibus
402 616 574 664 Dccxxml
593 605 618 664 si
636 604 727 665 addas
746 606 945 681 inscriptionis
964 626 1069 666 versus

65 692 145 767 duos,
187 693 343 767 explentur
379 692 462 767 ipsae
499 693 625 769 paginae
662 707 784 753 xxxin.
839 695 865 753 si
900 696 1068 770 plusculum

66 780 151 855 spatii
171 781 209 838 ab
229 780 315 838 initio
334 773 472 840 relictum
489 784 586 856 putes,
609 782 736 841 inveniri
754 786 887 857 possunt,
910 801 986 857 quae
1005 801 1068 842 sae·

66 869 125 926 culo
148 881 187 926 vl
209 871 263 926 aut
285 879 336 928 v11
359 869 476 928 adiecta
498 868 668 951 videantur,
696 871 779 929 velut
803 869 984 928 Schraderus
1008 871 1069 930 acri

25 1014 29 1021 ,
65 955 168 1014 iudicio
189 957 252 1015 335
275 957 348 1031 336,
369 958 431 1016 565
452 958 516 1036 566
536 957 705 1031 damnabat,
724 958 791 1016 aliis
811 960 872 1018 205
895 960 957 1017 206
978 959 1068 1016 offen·

21 1062 28 1109 '.
66 1044 135 1102 sioni
166 1043 299 1102 fuerunt.
350 1045 395 1103 ita
430 1043 495 1102 fieri
530 1046 636 1122 possit,
672 1049 706 1105 ut
740 1063 815 1121 quae
853 1047 915 1105 sola
947 1047 1068 1105 circum·

66 1131 175 1207 scripsi,
200 1133 265 1191 323
290 1131 328 1192 ed
347 1134 420 1207 326,
444 1133 475 1190 in
496 1133 623 1209 paginae
646 1147 692 1192 xv
715 1133 804 1192 finem
825 1137 1068 1210 promoveantur,

10 1266 24 1293 ,.
65 1222 130 1278 sunt
156 1219 238 1279 enim
265 1219 301 1278 de
330 1239 364 1279 eo
391 1239 500 1297 genere
528 1225 708 1295 commenta,
740 1225 775 1280 ut
797 1221 829 1279 ΙΙ
852 1224 915 1282 423
943 1222 971 1279 V
996 1225 1069 1282 633.

65 1307 216 1367 adicienda
230 1307 323 1366 etiam
343 1309 468 1384 paginae
487 1322 599 1368 xxxnl
616 1309 769 1383 inscriptio
788 1309 858 1367 libri
877 1310 1005 1384 secundi,
1023 1310 1070 1368 uti

64 1413 152 1471 supra
170 1396 203 1455 in
220 1395 298 1471 111116
317 1395 365 1454 III
383 1396 574 1456 Ponticorum
591 1415 648 1454 usu
666 1396 755 1456 venit.
810 1414 937 1471 namque
955 1397 1069 1472 primae

63 1502 169 1543 novem
187 1483 257 1544 libri
277 1484 397 1543 secundi
415 1485 550 1560 paginae,
575 1497 702 1543 xxxml
723 1484 761 1543 ad
780 1497 862 1559 xnn,
881 1503 947 1542 cum
965 1502 1069 1544 versus

63 1571 182 1646 capiant
205 1584 349 1647 cxcv111,
372 1572 484 1631 habent
505 1591 598 1648 nuno,
627 1573 745 1632 etiamsi
775 1573 907 1648 sequaris
935 1591 1010 1650 quae
1033 1573 1069 1632 de

62 1679 108 1719 vv.
135 1661 198 1720 136
218 1658 256 1718 ad
277 1663 340 1720 204
360 1661 528 1735 statuimus,
551 1661 707 1720 ducentos:
732 1661 959 1738 expungendum
978 1661 1070 1738 igitur

63 1747 121 1806 fuit
146 1747 313 1807 Schradero
336 1751 456 1808 auctore
479 1748 630 1808 inficetum
652 1752 684 1808 ot
705 1750 782 1809 male
801 1753 904 1808 natum
923 1749 1069 1809 distichon

153 1923 289 1982 Secunda
316 1923 407 1983 series
430 1924 488 1983 erit
510 1924 661 1984 intervalli
683 1943 823 1985 versuum
847 1938 938 1985 ccxx
960 1926 1029 1984 indo
1053 1944 1071 1984 a

66 2010 95 2068 ΙΙ
115 2014 179 2071 205
199 2011 238 2069 ad
257 2013 331 2087 424,
353 2012 529 2089 paginarum
552 2013 707 2089 archetypi
729 2014 839 2087 decem,
862 2013 970 2088 quibus
988 2013 1070 2072 nori·

67 2099 143 2157 cium
179 2099 255 2157 nihil
286 2100 443 2159 accessisse
474 2100 606 2161 videtur:
643 2120 719 2176 quae
751 2101 906 2176 displicere
937 2104 1070 2176 possunt,

68 2187 128 2246 209
155 2188 232 2262 210,
257 2189 319 2246 341
345 2189 423 2261 342,
449 2207 509 2246 non
535 2192 604 2248 sunt
632 2189 889 2264 interpolationes,
918 2189 968 2248 sed
997 2188 1071 2246 ludi-

68 2273 157 2332 bundi
178 2275 290 2334 1616116
313 2275 431 2334 lectoris
455 2277 661 2351 temptamina,
684 2280 719 2334 ut
740 2277 868 2335 fortasse
893 2276 983 2334 etiam
1007 2278 1070 2336 367

71 2363 148 2437 368,
187 2363 220 2421 in
260 2364 367 2438 quibus
412 2363 492 2439 quod
531 2364 658 2422 maxime
699 2364 840 2439 culpabat
881 2362 1071 2438 Schraderus,

70 2448 207 2509 iteratum
238 2452 360 2528 dabant,
391 2470 450 2511 non
484 2452 579 2511 ausim
612 2451 728 2509 elevare
762 2450 915 2510 scribendo
951 2467 1072 2522 corpora

72 2539 256 2598 1166666616.

155 2626 259 2686 Tertia
291 2645 360 2703 pars
393 2630 439 2687 est
467 2628 623 2688 interstitii
650 2626 723 2686 satis
752 2624 887 2700 spatiosi,
920 2625 999 2701 quod
1027 2630 1072 2686 est

75 2709 144 2772 inter
166 2714 198 2772 11
221 2716 287 2775 424
310 2720 342 2775 et
363 2715 411 2774 HI
433 2717 512 2791 505,
539 2717 714 2791 paginarum
737 2713 893 2791 archetypi
915 2728 1072 2774 xxxxnll.

10 2868 13 2873 ,
77 2801 192 2877 paginae
217 2803 333 2877 priores
355 2816 405 2863 xx
427 2803 465 2862 ad
491 2804 580 2862 finem
602 2804 671 2862 libri
698 2803 818 2863 secundi
844 2803 992 2863 distichon
1018 2806 1071 2863 ha-

10 2904 13 2929 =
78 2885 152 2965 bant,
178 2891 259 2966 quod
280 2891 442 2950 insiticium
465 2892 530 2950 iure
553 2892 703 2966 videatur,
732 2893 795 2951 683
817 2893 893 2967 664,
920 2892 995 2950 item
1013 2893 1071 2950 duo

79 2971 103 3033 in
121 2981 255 3038 extrema
276 2979 385 3056 pagina
406 2992 508 3055 LXIII,
537 2982 599 3040 663
624 2979 661 3038 ad
686 2981 763 3053 666,
786 2983 888 3038 tamen
910 2983 945 3038 ut
967 2997 1072 3037 manus

79 3058 290 3142 interpolatoris
313 3071 365 3126 aut
387 3068 522 3142 lacunae,
550 3086 626 3143 quae
648 3067 752 3140 fuerit,
776 3067 916 3125 indicium
938 3084 997 3123 non
1021 3084 1071 3139 ap·

78 3158 179 3220 pareat.
233 3155 304 3213 libri
334 3156 418 3215 tertii
449 3174 566 3231 versus,
599 3156 624 3215 si
655 3155 878 3229 inscriptionem
907 3170 1072 3224 accenseas,

78 3245 139 3316 Dvl,
156 3242 281 3320 paginas
295 3245 422 3319 implent
435 3256 531 3318 xxm,
545 3248 580 3303 ut
598 3261 800 3320 quaecumque
819 3240 981 3315 suspiciosa
995 3242 1073 3316 sunt,

75 3331 194 3392 nonme
214 3334 278 3392 233
299 3334 372 3405 234,
390 3332 527 3391 fortassis
546 3334 608 3390 411
630 3333 704 3405 412,
723 3331 785 3388 441
808 3330 881 3401 442,
900 3327 1072 3386 vetustioris

73 3418 189 3495 Originis
212 3438 278 3480 esse
302 3422 446 3494 oporteat.

156 3507 271 3578 Quarta
305 3507 486 3567 continuatio
523 3507 699 3582 paginarum
736 3518 797 3564 xxl
828 3523 846 3562 a
880 3503 1073 3579 nonagesima
