2386 3892
500 182 550 232 EX
567 181 687 233 PONTO

554 377 633 451 VII.

177 519 289 581 Littera
312 537 366 599 pro
391 518 489 581 verbis
512 517 589 599 tibi,
611 517 767 580 Messalino
779 564 789 600 ,
813 518 939 582 salutem

222 607 317 679 Quam
340 608 435 688 legis,
459 626 475 669 a
498 609 593 668 saevis
615 606 714 669 attulit
735 625 832 686 usque
856 606 956 669 Getis.

177 696 290 757 Indicat
313 706 466 757 auctorem
489 691 603 755 iocus?
638 713 698 775 an,
720 697 779 756 nisi
801 697 921 756 nomine
944 695 1037 777 lecto,

221 784 301 846 Haec
323 802 370 845 me
394 783 541 844 Nasonem
564 781 696 844 scribere
718 782 808 844 verba
831 781 928 847 latet?

147 871 287 951 tEcquis
310 874 341 934 in
365 880 496 933 extremo
520 873 635 950 positus
657 873 735 932 iacet
757 870 829 931 orbe
853 878 991 953 tuorum,

221 960 268 1020 Mc
291 968 390 1021 tamen
414 967 559 1040 excepto,
583 960 635 1038 qui
657 976 764 1038 precor
788 976 853 1020 esse
877 956 974 1021 tuus?

177 1045 212 1109 Di
235 1048 340 1124 procul
363 1065 380 1107 a
403 1049 519 1108 cunctis
531 1093 540 1126 ‚
564 1048 617 1124 qni
639 1053 669 1106 tc
692 1056 872 1108 venerantur
895 1055 1065 1128 amantque,

222 1134 317 1195 Huius
341 1136 476 1196 notitiam
499 1136 596 1214 gentis
618 1133 729 1195 habere
752 1135 860 1196 velint.

176 1221 238 1285 Nos
262 1224 333 1284 satis
357 1231 403 1284 est
425 1225 503 1283 inter
526 1222 650 1301 glaciem
674 1221 886 1303 Scythicasque
911 1226 1029 1304 sagittas

130 1322 163 1372 10
221 1309 347 1372 Vivere:
379 1312 406 1372 si
427 1313 485 1372 vita
508 1318 554 1371 est
577 1312 680 1371 mortis
702 1310 837 1373 habenda
860 1329 972 1390 genus.

176 1399 237 1462 Nos
260 1407 376 1478 premat
399 1407 450 1460 aut
472 1396 549 1459 bello
573 1398 682 1480 tellus,
706 1407 757 1460 aut
780 1400 891 1478 frigore
915 1399 1041 1480 caelum,

220 1487 362 1566 Truxque
386 1487 474 1548 Getes
498 1488 587 1548 armis
599 1533 609 1568 ,
632 1487 774 1565 grandine
797 1497 911 1567 pungat
933 1488 1042 1550 hiems:

177 1575 237 1637 Nos
260 1575 367 1636 habeat
389 1577 471 1653 regio
495 1593 550 1636 nec
573 1593 660 1653 pomo
684 1576 743 1636 seta
766 1593 822 1637 nec
844 1579 928 1652 uvis,

221 1661 260 1723 Et
283 1665 368 1723 cuius
391 1662 505 1724 nullum
529 1671 626 1724 cesset
648 1662 684 1723 ah
707 1663 792 1725 hoste
815 1663 910 1726 latus.

130 1762 162 1810 15
178 1749 283 1810 Cetera
307 1752 346 1810 sit
369 1768 471 1830 sospes
495 1749 643 1811 cultorum
666 1751 754 1812 turba
775 1760 915 1832 tuorum,

221 1836 255 1897 ln
279 1836 386 1915 quibus
399 1883 408 1917 ,
433 1846 466 1900 ut
488 1838 620 1918 populo,
643 1857 712 1917 pars
736 1856 789 1918 ego
812 1857 901 1919 parva
925 1840 984 1903 iui.

177 1924 222 1986 Me
246 1926 410 2005 miserum,
434 1927 461 1986 si
483 1935 517 1988 tu
539 1926 639 1987 verbis
662 1927 821 1988 offenderis
843 1930 926 2010 istis,

220 2011 341 2091 Nosque
364 2031 453 2092 negas
476 2013 535 2074 ulla
557 2023 641 2094 parte
664 2015 756 2076 fuisse
779 2014 865 2078 tuosi

178 2098 284 2178 [quue
308 2102 347 2161 sit
370 2109 403 2161 ut
424 2119 550 2183 verum,
573 2103 697 2163 mentito
720 2105 874 2180 ignoscere
898 2102 1006 2166 debes.

129 2199 162 2248 20
222 2187 269 2248 Nil
293 2188 384 2249 demit
406 2188 486 2250 laudi
508 2189 601 2268 gioria
623 2198 725 2251 nostra
748 2198 833 2253 tuae.

177 2273 250 2346 Quis
274 2294 305 2338 se
330 2276 505 2338 Caesaribus
527 2286 616 2339 notus
639 2296 699 2339 non
722 2278 807 2357 fingit
829 2275 982 2340 amioum?

221 2363 263 2425 Da
287 2366 401 2426 veniam
424 2365 524 2444 sasso,
547 2374 584 2428 tu'
604 2365 676 2426 mihi
699 2365 806 2428 Caesar
829 2366 927 2446 eras]

177 2451 239 2514 Nec
262 2460 360 2515 umen
383 2455 544 2535 inrumpo,
567 2471 626 2532 quo
649 2471 709 2515 non
732 2453 802 2515 licet
824 2456 892 2518 ire:
921 2456 1048 2534 satisque

726 2550 788 2623 est,
1049 2555 1074 2604 (Ξ

220 2629 302 2690 Atria
325 2631 351 2691 si
373 2627 459 2691 nobis
482 2647 542 2691 non
565 2631 696 2708 patuisse
720 2646 826 2707 negas.

129 2727 162 2777 25
178 2714 274 2794 thue
299 2717 353 2778 tibi
376 2718 468 2778 iu‘erit
489 2734 607 2778 mecum
630 2716 704 2778 nihil
727 2717 873 2800 amplius,
897 2713 957 2781 u'no

220 2802 333 2883 Nempe
357 2804 516 2886 salutaris,
540 2822 628 2884 quam
650 2807 734 2884 prius
747 2851 756 2886 ,
780 2823 830 2866 ore
854 2808 970 2888 minus,

177 2890 237 2951 Nec
260 2900 331 2951 tuus
354 2898 400 2953 est
422 2894 539 2970 genitor
562 2911 616 2955 nos
638 2895 781 2955 infitiatus
804 2896 934 2976 amicos,

221 2977 360 3040 Hortator
384 2979 474 3040 studii
498 2998 644 3061 causaque
668 2982 774 3061 faxque
797 2986 874 3043 mei:

176 3067 233 3129 Cui
255 3084 309 3129 nos
333 3075 363 3128 et
385 3067 542 3151 lacrimas,
565 3087 737 3149 supremum
760 3071 791 3130 in
814 3071 921 3132 sunere
944 3088 1073 3141 munus,

128 3167 162 3216 ao
221 3154 259 3216 Et
283 3155 418 3217 dedimus
440 3157 536 3218 medio
561 3160 672 3236 scripta
694 3158 826 3219 canenda
848 3160 929 3220 foro.

176 3243 258 3304 Adde
282 3245 361 3323 quod
385 3255 431 3305 est
453 3246 567 3326 frater,
591 3253 671 3307 tanto
695 3244 749 3307 tibi
772 3249 892 3309 iunctus
916 3265 1026 3323 amore,

222 3331 355 3402 Quantus
378 3335 410 3394 in
432 3332 544 3394 Atridis
567 3333 802 3413 Tyndaridisque
825 3334 901 3397 fuit:

176 3417 204 3478 Is
227 3437 274 3479 me
298 3436 354 3480 nec
377 3423 515 3482 comitem
538 3439 594 3482 nec
616 3421 791 3501 dedignatus
814 3425 942 3485 amicum
964 3428 1021 3482 est:

222 3505 253 3566 Si
276 3514 374 3568 tamen
397 3508 470 3570 haec
493 3508 535 3569 iili
558 3527 618 3571 non
640 3512 776 3571 nocitura
798 3519 904 3590 putas.
