2386 3892
457 167 506 218 111.
527 169 674 220 120-1a1.
1002 164 1069 233 263

152 330 217 391 Non
240 330 313 391 baec
336 329 384 390 iiie
407 328 481 391 deus
504 337 661 409 tantaeque
684 329 854 409 propaginis
875 336 980 390 auctor

196 417 329 479 Credidit
350 416 456 478 officiis
478 434 544 479 esse
566 418 682 479 minora
704 419 785 498 suis,

152 506 397 584 Promissumque
420 504 477 567 sibi
498 505 592 567 voluit
613 522 811 584 praenoscere
834 503 966 585 caelum,

88 607 139 658 160
197 593 258 656 Nec
281 594 354 656 deus
377 595 493 671 ignotas
515 593 624 672 hospes
647 595 723 655 inire
746 593 867 657 domos.

154 681 205 743 lile
227 700 324 742 moras
348 681 440 761 solis,
464 680 572 760 quibus
593 683 625 743 in
648 699 701 743 sua
723 684 806 762 sigua
828 681 958 761 rediret,

199 769 337 831 Traditur
361 772 473 831 exactis
495 770 677 848 disposuisse
700 772 796 831 notis.

155 857 183 918 is
206 859 304 919 decies
327 875 415 919 senos
439 864 606 919 tercentum
629 865 660 918 et
682 859 812 936 quinque
836 855 942 927 diebus

199 945 319 1026 lunxit,
342 954 372 1006 et
394 963 410 1006 e
433 945 520 1024 pleno
544 953 678 1025 tempora
700 947 803 1024 quinta
825 943 890 1007 die.

90 1046 140 1096 165
157 1033 209 1094 Hic
233 1034 301 1093 anui
324 1033 429 1095 modus
452 1041 519 1095 est:
550 1035 582 1094 in
605 1032 733 1095 lustrum
755 1031 896 1095 accedere
920 1031 1026 1114 debet,

200 1121 281 1193 Quae
304 1129 525 1183 consummatur
547 1119 704 1202 partibus,
727 1139 787 1183 una
808 1120 889 1185 dies.

396 1259 423 1322 1.
451 1255 731 1322 Itu-Menon

158 1380 205 1445 ‘Si
227 1383 297 1446 licet
319 1385 452 1446 occultos
475 1385 605 1445 monitus
627 1382 730 1445 audire
753 1382 877 1444 deorum

200 1470 343 1555 Vatibus,
367 1482 400 1534 ut
422 1481 504 1534 certe
527 1472 603 1533 iana
625 1470 716 1535 licere
738 1477 841 1550 putat,

158 1559 232 1620 Cum
255 1562 296 1621 sis
319 1561 423 1622 oiticiis
435 1606 446 1642 ,
469 1559 615 1638 Gradive,
638 1556 773 1619 virilibus
795 1567 901 1639 aptus,

92 1662 143 1710 170
203 1646 256 1708 Dic
278 1648 372 1729 mibi,
395 1655 545 1709 matronae
568 1664 623 1708 cur
645 1655 696 1707 tua
719 1645 794 1706 iesta
817 1641 948 1711 colant.'

158 1735 206 1795 Sic
230 1754 306 1815 ego.
347 1738 391 1798 sic
413 1737 508 1816 posita
531 1733 605 1797 dixit
627 1733 699 1795 mibi
723 1734 836 1797 casside
859 1733 992 1816 biarors,

203 1822 259 1883 Sed
284 1833 381 1885 tamen
405 1826 435 1885 in
458 1823 562 1884 dextra
584 1821 704 1885 missilis
726 1821 810 1887 basta
832 1822 905 1884 fuit:

160 1906 259 1971 ‘Nunc
282 1913 411 1990 primum
434 1910 539 1973 studiis
562 1912 667 1990 pacis,
690 1910 764 1972 deus
786 1910 868 1981 utilis
891 1912 998 1991 armis,

202 1999 357 2080 Advocor,
380 2008 411 2060 et
432 2016 554 2079 gressus
575 2001 607 2059 in
629 2015 704 2060 nora
727 2007 824 2061 castra
846 1999 927 2061 iero.

92 2099 143 2147 175
157 2086 218 2147 Nec
241 2090 322 2166 piget
344 2088 477 2167 incepti.
517 2087 598 2148 iurat
618 2085 675 2148 bac
698 2104 815 2166 quoque
839 2094 922 2167 parte
946 2089 1073 2168 morari,

203 2173 264 2234 Hoc
288 2173 380 2234 solam
402 2191 440 2234 ue
463 2191 496 2235 se
518 2192 606 2255 posse
628 2173 760 2236 Minerva
781 2183 884 2256 putet.

158 2261 267 2340 Disce,
290 2261 462 2323 Latinorum
485 2271 566 2324 rates
588 2279 714 2343 operose
737 2261 871 2343 dierum,

203 2348 287 2419 Quod
311 2349 410 2430 petis,
433 2357 464 2411 et
485 2352 611 2413 memori
632 2357 753 2429 pectore
775 2347 855 2411 dicte
877 2358 964 2424 uota.

158 2437 250 2498 Parva
273 2438 330 2499 init
342 2483 351 2519 ,
375 2439 401 2499 si
423 2439 519 2516 prima
540 2437 613 2501 reiis
635 2435 781 2499 elementa
803 2437 937 2516 reierrc,

93 2539 143 2588 180
203 2524 316 2586 Roma:
349 2525 401 2586 sed
424 2527 455 2587 in
477 2543 566 2605 parra
589 2543 657 2605 spes
680 2533 778 2586 tamen
800 2522 890 2588 huius
914 2533 994 2589 erat.

158 2614 273 2673 Moenia
296 2615 355 2674 iam
378 2611 516 2694 stabant,
538 2613 655 2695 populis
677 2619 802 2692 augusta
823 2611 950 2694 suturis,

203 2700 320 2763 Credita
344 2702 396 2765 sed
419 2699 524 2765 turbae
548 2711 618 2764 tunc
642 2701 730 2763 nimis
753 2698 848 2780 ampla
870 2718 959 2764 suae.

159 2789 240 2860 Quae
264 2790 354 2851 inerit
377 2791 493 2870 nostri,
516 2791 544 2851 si
566 2790 684 2868 quaeris
696 2833 707 2868 ,
728 2790 810 2869 regia
832 2790 911 2872 nati,

203 2877 309 2955 Aspice
333 2878 369 2939 de
392 2895 486 2939 canna
508 2875 761 2956 straminibusque
783 2875 920 2945 domum.

94 2977 144 3026 185
159 2963 191 3024 in
215 2964 323 3045 stipula
346 2964 452 3045 placidi
475 2963 615 3044 carpebat
635 2982 759 3030 munera
782 2968 894 3044 mutui,

203 3052 241 3114 lit
264 3062 360 3115 nmen
384 3071 420 3115 ex
443 3051 493 3114 iilo
516 3054 649 3115 venitin
671 3062 856 3117 astratnro.

159 3141 279 3220 iamque
302 3141 366 3202 ioco
390 3141 485 3202 maius
506 3158 614 3203 nomen
637 3139 788 3203 Romanus
809 3136 953 3217 habebat,

202 3228 263 3289 Nec
286 3230 415 3290 coniunx
437 3227 503 3309 iili,
524 3246 580 3291 nec
603 3245 690 3289 socer
711 3226 790 3289 ullus
813 3234 893 3291 erat.

160 3314 346 3394 spernebant
367 3333 495 3396 generos
517 3317 622 3395 inopes
644 3315 751 3377 ricinia
773 3313 873 3394 dives,

95 3417 144 3465 roo
204 3401 241 3462 Et
263 3401 337 3463 maie
361 3402 504 3465 credebar
526 3403 677 3482 sauguinis
700 3407 803 3463 auctor
825 3417 898 3481 ego.

159 3490 191 3550 in
217 3486 339 3549 stabulis
362 3487 509 3553 habitasse
532 3500 564 3552 et
585 3506 656 3551 ores
677 3490 792 3569 pavisse
815 3488 958 3570 uocabn,
