2386 3892
90 181 134 245 50
481 222 483 228 .
506 178 676 230 Tarsrrura

168 342 301 424 -Singala
324 343 397 423 quid
420 338 577 404 reseram?
614 339 655 403 nil
678 359 738 401 non
761 339 885 401 mortale
908 347 1048 402 tenemus

180 433 315 494 Pectoris
338 432 470 510 exceptis
493 431 664 509 ingeniique
687 428 782 489 bonis.

131 533 165 582 45
180 520 225 580 En
249 538 327 600 ego,
351 538 419 580 cum
443 536 558 579 caream
581 519 675 597 patria
698 515 840 596 vobisque
864 515 1031 598 domoque,

180 608 333 687 Raptaque
358 609 438 682 sint,
462 606 551 666 adimi
575 622 650 684 quae
673 611 799 683 potuere
822 605 912 686 milri,

181 695 303 774 Ingenio
328 702 425 756 tamen
447 696 511 775 lpse
534 711 601 753 meo
625 695 808 771 comitorque
833 692 996 772 fruorquez

182 783 289 844 Caesar
311 784 343 844 in
365 783 422 844 boc
446 784 541 861 potuit
560 783 634 841 iuris
657 779 766 840 babere
790 780 880 842 nibil.

181 870 312 943 Quilibet
333 869 410 931 banc
434 887 519 931 saevo
543 871 632 929 vitam
654 867 728 928 milri
750 868 833 928 liniat
856 885 946 950 ense3

134 970 167 1020 ao
181 959 228 1019 lile
250 966 351 1020 tamen
374 959 503 1018 extincto
527 957 603 1017 fama
627 963 780 1035 superstes
803 958 878 1037 erit,

181 1045 317 1125 Dumque
342 1046 403 1106 suis
427 1046 532 1105 victrix
556 1062 673 1105 omnem
696 1043 734 1104 de
757 1043 909 1105 montibus
932 1042 1036 1105 orbem

181 1133 347 1214 Prospiciet
369 1132 512 1194 domitum
535 1132 639 1193 Martia
661 1131 776 1212 Roma,
799 1131 898 1210 legar.

182 1221 227 1283 Tu
252 1239 392 1302 quoque,
416 1238 503 1300 quam
527 1220 617 1282 studii
641 1226 757 1280 maneat
780 1218 894 1280 felicior
918 1237 1010 1302 usus,

180 1309 285 1390 Effuge
309 1317 450 1372 venturos
463 1355 473 1389 ‚
497 1326 554 1389 qua
577 1316 662 1389 potes
674 1354 684 1389 ,
707 1324 803 1387 usque
826 1305 932 1387 rogos!

547 1500 644 1574 VIII.

182 1660 266 1720 Nunc
290 1678 343 1738 ego
367 1658 541 1739 Triptolemi
564 1677 704 1738 cuperem
728 1660 892 1721 consistere
915 1675 1021 1741 curru,

182 1747 262 1806 Misit
284 1749 315 1807 in
338 1749 467 1825 ignotam
492 1749 542 1826 qui
566 1748 639 1808 rude
664 1765 768 1808 semen
787 1747 928 1829 humum3

183 1834 268 1895 Nunc
292 1851 346 1911 ego
369 1833 489 1895 Medeae
513 1834 617 1896 vellem
641 1836 758 1896 frenare
781 1834 942 1916 dracones,

183 1922 265 1992 Quos
285 1921 388 1983 habuit
410 1923 527 2001 lugiens
551 1941 641 2003 arce,
664 1922 827 2004 Corinthe,
851 1930 918 2000 tua3

153 2009 268 2070 aNuno
292 2027 346 2088 ego
370 2010 518 2070 iactandas
542 2018 676 2089 optarem
699 2028 818 2071 sumere
841 2027 971 2091 pennas,

184 2098 252 2158 Sive
276 2104 365 2178 tuas,
387 2096 522 2178 Persen,
545 2098 692 2177 Daedale,
715 2099 777 2159 sire
801 2106 885 2160 tuas:

183 2184 222 2246 Ut
244 2193 345 2247 tenera
369 2187 479 2245 nostris
505 2185 628 2247 cedente
651 2185 796 2246 volatibus
820 2203 891 2246 aum

183 2273 354 2352 Aspicerem
377 2275 489 2351 patriae
512 2272 597 2335 dtrlce
620 2281 743 2355 repente
767 2272 882 2353 solum,

184 2360 383 2440 llesertaeque
408 2361 513 2422 domus
536 2362 635 2423 vultus
648 2378 887 2443 ,memoresque
910 2345 1031 2437 sodales,

137 2462 169 2510 10
184 2450 315 2528 Canaque
339 2452 497 2529 praecipue
521 2450 656 2530 coniugis
679 2467 730 2509 ora
753 2466 853 2510 meae

185 2537 303 2619 Stulte,
327 2538 396 2616 quid
420 2538 493 2599 haec
516 2538 626 2598 frustra
650 2540 724 2598 rotis
747 2536 913 2617 puerilibus
936 2543 1027 2616 optas,
1096 2590 1099 2601 .

185 2626 266 2696 Quae
290 2644 349 2687 non
372 2625 431 2687 ulla
454 2625 509 2685 tibi
532 2627 648 2705 fertque
672 2626 807 2704 feretque
831 2622 921 2688 dies?

186 2712 217 2773 Si
240 2712 332 2773 semel
355 2712 516 2792 optandum
540 2722 606 2795 est,
629 2713 755 2792 Augusti
777 2730 888 2775 numen
911 2712 1010 2789 adora,

185 2799 244 2880 Et,
269 2818 356 2879 quem
380 2802 522 2882 sensisti,
544 2803 602 2862 rite
624 2818 747 2880 precare
771 2800 877 2863 deum.

138 2900 171 2949 15
186 2887 238 2947 llle
261 2887 315 2948 tibi
337 2904 508 2967 pennasque
532 2897 630 2968 potest
653 2906 819 2968 currusque
843 2888 978 2951 volucres

186 2975 316 3036 Tradere
332 3014 343 3036 ..
375 2976 426 3036 det
448 2976 598 3056 reditum,
621 2978 757 3057 protiuus
781 2977 842 3038 ales
866 2978 944 3039 eris.

186 3063 217 3124 Si
231 3080 337 3144 precer
352 3064 409 3124 hoc
421 3082 570 3145 -neque
589 3067 668 3126 enim
683 3082 804 3145 possum
819 3067 931 3127 maiora
947 3074 1065 3142 rogut‘

185 3151 228 3213 Ne
252 3168 316 3213 mea
339 3154 420 3233 sint,
443 3155 555 3235 timeo,
579 3161 645 3214 rota
668 3153 801 3215 modesta
823 3170 945 3232 parurn.

185 3239 321 3301 ForsItan
344 3240 401 3301 hoc
424 3239 515 3321 olim,
539 3259 607 3303 cum
630 3244 688 3302 iam
712 3243 862 3302 satiaverit
884 3243 973 3321 iram,

137 3339 171 3388 20
187 3326 270 3388 Turno
295 3345 412 3407 quoque
436 3328 560 3390 sollicita
583 3338 681 3391 mente
696 3329 878 3411 ,rogandus
901 3330 972 3390 erit.

187 3413 270 3484 Quod
294 3417 414 3497 minus,
438 3419 552 3479 interea
575 3425 621 3477 est
643 3419 737 3478 instar
756 3418 828 3478 mihi
846 3417 975 3479 muneris
991 3401 1064 3486 ampl&

185 3500 230 3562 Ex
252 3502 299 3562 hle
322 3521 369 3564 me
392 3503 492 3566 lubeat
515 3503 677 3583 quolibet'
669 3523 714 3566 rre
737 3504 828 3568 locis
