2386 3892
140 180 182 245 15
330 160 333 163 ’
552 181 724 233 rnrsrruu

227 344 280 405 His
304 344 407 405 saltem
429 352 527 405 vestra
551 344 637 405 detur
660 345 691 404 in
714 343 794 406 Urbe
817 342 918 407 locus!

228 433 352 511 Quoque
375 434 468 512 magis
491 432 611 514 faveas,
632 432 705 493 baec
728 451 788 493 uon
812 443 881 494 sunt
901 433 979 495 edita
1003 432 1040 496 ab
1063 437 1143 518 ipso,

227 519 285 581 Sed
310 523 393 598 quasi
416 520 452 580 de
475 520 587 581 domini
609 520 713 581 sunere
736 529 820 600 rapta
843 523 898 582 sui.

229 608 376 686 Quicquid
398 610 430 668 in
451 608 498 670 his
520 609 611 687 igitur
635 609 697 668 vitii
723 608 798 669 rude
821 626 941 672 carmen
963 610 1100 695 habebit,

179 708 212 758 40
227 695 468 780 Emendaturus,
491 697 516 758 si
538 696 694 776 licuisset,
717 691 818 758 erem?

586 887 689 961 VHL

227 1048 260 1108 ln
285 1054 374 1127 caput
395 1047 452 1108 alta
475 1064 562 1108 suum
585 1046 722 1108 labentur
745 1047 781 1108 ab
804 1065 933 1128 aequore
957 1057 1039 1112 retro

226 1135 384 1216 Flumina,
409 1137 560 1196 conversis
584 1134 693 1213 Solque
717 1144 854 1197 recurret
877 1139 980 1219 equis,

226 1224 319 1285 Terra
342 1224 418 1284 feret
441 1222 561 1305 stellas,
585 1221 698 1285 caelum
721 1223 850 1284 findetur
873 1233 990 1306 aratro,

226 1311 310 1372 Unda
333 1309 414 1372 dabit
436 1310 567 1372 flammas
590 1317 621 1371 et
644 1309 724 1371 dabit
747 1313 823 1390 ignis
847 1329 956 1394 aquas,

196 1399 331 1461 50mnia
353 1406 476 1460 naturae
498 1406 689 1478 praepostera
712 1397 827 1478 legibus
850 1399 954 1483 ibunt,

227 1487 359 1566 Parsque
382 1505 469 1547 suum
493 1486 596 1548 mundi
619 1486 697 1547 nulla
721 1486 835 1548 tenebit
856 1490 931 1568 iter,

226 1574 330 1636 Omnia
353 1575 528 1654 lambent,
555 1575 619 1634 fieri
643 1592 717 1653 quae
740 1592 828 1653 posse
851 1575 1011 1659 negabam,

226 1661 264 1722 Et
287 1661 362 1722 nihil
385 1670 452 1740 est,
476 1661 512 1721 de
536 1680 594 1740 quo
617 1679 677 1722 non
701 1664 739 1723 sit
761 1662 894 1724 habenda
918 1665 1011 1726 fides.

226 1748 305 1810 Haec
329 1767 383 1828 ego
407 1750 570 1828 reticium,
595 1752 663 1827 quia
687 1768 753 1811 sum
776 1750 918 1830 deceptus
942 1751 1067 1833 abillo,

179 1851 211 1898 10
225 1836 368 1897 Laturum
392 1838 500 1897 misero
524 1855 612 1916 quem
635 1836 707 1898 mihi
729 1838 817 1899 rebar
840 1856 944 1918 opem.

226 1925 357 1985 Tantane
379 1932 431 2004 te,
455 1923 541 1985 fallax
552 1971 562 2005 ,
586 1942 692 2004 cepere
716 1925 822 1987 oblivia
844 1929 940 1988 nostri
952 1974 963 2009 ,

222 2013 434 2092 ,Afflictumque
458 2013 515 2073 luit
537 2020 637 2074 tantus
661 2013 742 2073 adire
764 2015 874 2095 timor,

225 2100 263 2160 Ut
286 2118 382 2179 neque
405 2102 570 2179 respiceres
593 2119 649 2162 nec
672 2101 802 2167 solarere
824 2104 988 2185 iacentem,

224 2187 327 2269 Dure,
349 2207 404 2249 nec
428 2190 567 2267 exequias
589 2206 806 2268 prosequerere
829 2187 939 2252 meas?

179 2290 210 2337 15
226 2275 300 2336 Illud
324 2278 469 2337 amicitiae
493 2283 627 2339 sanctum
650 2286 681 2338 et
703 2277 870 2338 venerabile
894 2296 1002 2340 nomen

225 2364 267 2425 Re
291 2363 345 2425 tibi
368 2383 422 2444 pro
446 2363 495 2424 rili
518 2364 573 2425 sub
597 2364 781 2444 pedibusque
804 2362 907 2427 iacet?

225 2452 301 2523 Quid
325 2453 404 2534 fuit,
427 2455 538 2531 ingenti
561 2459 744 2532 prostratum
766 2452 842 2514 mole
866 2453 996 2516 sodalem

223 2539 325 2602 Visere
349 2549 379 2602 et
402 2539 547 2620 adloquiis
569 2547 654 2618 parte
677 2540 774 2601 levare
798 2544 875 2622 tuis,

224 2628 317 2706 Inque
340 2647 422 2689 meos
446 2631 471 2689 si
495 2645 553 2688 non
577 2628 726 2689 lacrimam
750 2628 907 2691 demittere
930 2649 1034 2710 casus,

177 2729 210 2778 20
224 2716 321 2776 Pauca
344 2726 442 2776 tamen
466 2716 535 2775 ficto
557 2714 646 2775 verba
670 2715 770 2777 dolore
793 2720 872 2798 pati,

224 2803 338 2884 quue,
362 2803 441 2882 quod
464 2804 557 2880 ignoti
581 2803 693 2864 iaciunt
705 2852 715 2885 ‚
738 2804 783 2865 vel
807 2804 906 2866 dicere
930 2805 1052 2889 saltem,

223 2890 261 2950 Et
283 2908 385 2951 vocem
408 2890 510 2969 populi
532 2890 707 2971 publicaque
731 2910 782 2952 ora
806 2895 908 2974 sequi,

224 2978 357 3057 Denique
380 2977 520 3057 lugubres
543 2978 642 3040 vultus
665 2998 886 3060 numquamque
912 2980 1052 3043 videndos

224 3066 352 3127 Cernere
376 3084 514 3147 supremo
538 3067 609 3127 dum
630 3067 773 3147 licuitque
796 3068 863 3149 die,

175 3167 208 3216 25
222 3154 445 3234 Dicendumque
469 3153 560 3215 semel
583 3163 645 3216 toto
669 3173 728 3216 non
753 3156 877 3237 amplius
900 3175 971 3220 aevo

225 3243 390 3323 Accipere,
414 3250 444 3303 et
466 3243 552 3322 parili
574 3243 700 3304 reddere
724 3262 817 3325 voce,
840 3241 929 3306 vale?

224 3331 259 3391 m
284 3331 381 3391 iecere
405 3331 453 3391 alii
476 3329 557 3391 nullo
580 3331 653 3392 mihi
676 3330 794 3392 loedere
817 3334 930 3414 iuncti,

223 3417 261 3477 Et
283 3416 419 3478 lacrimas
442 3420 532 3479 animi
556 3420 638 3497 signa
662 3418 770 3480 dedere
795 3422 849 3481 sui.

223 3504 323 3587 Quid,
346 3508 404 3568 nisi
427 3508 564 3568 convictu
588 3509 743 3586 causisque
768 3507 932 3570 valentibus
956 3524 1051 3572 essem
