2386 3892
90 192 153 255 332
491 189 682 241 russonum

520 384 571 448 22.
595 382 657 446 FN

177 512 269 573 Nocte
293 518 436 590 sequente
459 509 538 570 tliem
562 511 642 570 canis
666 508 843 588 Erigoneius
868 511 945 568 exit.

151 623 154 627 ⁴
221 600 274 660 Est
297 599 353 659 alio
377 601 454 677 signi
478 598 592 658 reddita
615 615 703 658 causa
726 597 808 659 loeo.

445 735 497 800 23.
521 732 733 800 Gavii-rr

113 864 315 924 aureonno
339 861 459 922 Volcani
482 861 532 921 lux
556 870 601 921 est
614 908 623 941 ,
647 861 828 921 Tubilustria
851 861 973 921 dieunt:
1033 874 1081 925 (reo)

222 950 400 1012 Lustrantur
423 967 536 1029 purae,
561 967 633 1027 quas
658 950 726 1010 lacit
749 947 820 1028 ille,
843 948 950 1010 tubae.

444 1087 496 1152 24.
520 1083 736 1161 Heleon

179 1213 324 1285 Quattuor
348 1211 416 1272 iude
440 1214 517 1272 notis
541 1212 623 1272 locus
651 1220 719 1293 est,
747 1210 857 1291 quibus
879 1213 985 1274 ordine
1007 1213 1080 1274 laetis

222 1300 273 1360 Vel
298 1318 360 1360 mos
384 1318 558 1379 sacrorum,
581 1299 626 1359 rel
650 1300 717 1378 luga
740 1301 819 1380 regis
842 1301 939 1364 inest.

254 1435 390 1503 25.Αο
438 1435 571 1502 26.Βο
616 1438 667 1501 27.
691 1434 747 1502 00
793 1438 844 1502 28.
869 1435 931 1502 Du

345 1527 395 1590 29.
419 1523 478 1590 EO
525 1526 576 1589 30.
598 1523 656 1588 FC
703 1525 753 1588 31.
772 1523 832 1589 GC

179 1652 239 1712 Nec
264 1660 292 1712 te
316 1662 492 1732 praetereo,
515 1652 618 1730 populi
641 1651 770 1712 Fortuna
792 1652 926 1730 potentis

112 1753 165 1800 tao
225 1739 366 1813 Publica,
391 1742 440 1799 cui
463 1739 605 1818 templum
627 1739 694 1800 luce
717 1747 861 1817 sequente
884 1739 988 1801 datum
1010 1748 1063 1800 est.

179 1827 259 1886 ilaue
282 1825 334 1887 ubi
358 1827 438 1887 dives
462 1830 546 1905 aquis
570 1829 717 1906 acceperit
740 1826 938 1909 Amphitrite,

223 1915 311 1974 Grata
335 1913 395 1973 lovi
419 1913 513 1974 lulvae
538 1923 634 1975 rostra
658 1913 770 1974 videbis
793 1915 870 1974 avis.

116 2069 120 2075 ,
179 2004 300 2063 Auferet
323 2021 359 2062 ex
383 2002 477 2062 oculis
500 2005 622 2062 veniens
646 2020 751 2063 aurora
772 2000 906 2081 Booten,

223 2090 429 2170 Continuoque
453 2089 500 2149 die
524 2090 606 2150 siclus
630 2090 751 2169 llyantis
775 2091 848 2150 erit.

417 2365 554 2445 lilBllR
581 2364 769 2447 stilus,

179 2548 232 2607 llic
257 2566 374 2626 quoque
399 2548 508 2605 mensis
532 2544 620 2605 lrabet
642 2545 747 2606 dubias
774 2547 805 2605 iu
829 2547 952 2607 nomine
976 2563 1077 2608 causas.

223 2635 303 2705 Quae
328 2635 461 2712 placeant
475 2681 483 2712 ‚
506 2635 609 2712 positis
633 2633 771 2693 omnibus
795 2635 858 2712 ipse
883 2633 981 2714 loges.

179 2721 265 2782 Facta
290 2741 391 2781 cauam
403 2769 412 2802 ,
436 2720 487 2781 sed
512 2728 599 2781 erum
611 2767 619 2800 ,
639 2723 690 2798 qui
708 2739 754 2780 me
775 2722 895 2782 linxisse
918 2722 1075 2803 loquantur,

223 2809 366 2888 Nullaque
390 2809 507 2869 mortali
531 2811 650 2868 numina
674 2810 734 2867 risa
757 2818 881 2888 portent.

149 2896 231 2958 5Est
255 2897 327 2956 deris
352 2899 381 2955 in
406 2895 513 2976 uobis,
537 2899 664 2974 agitante
688 2896 862 2956 calescimus
886 2897 955 2960 illo:

223 2984 352 3062 Impetus
376 2983 424 3042 blo
448 3002 548 3044 sacrae
572 2985 683 3044 semina
707 2986 813 3044 mentis
836 2984 945 3047 habet.

180 3074 234 3133 Fas
260 3071 330 3132 milri
354 3073 512 3151 praecipue
537 3072 632 3132 voltus
656 3070 763 3132 vidisse
787 3071 930 3155 deorum,

224 3161 273 3221 Vel
297 3163 364 3240 quia
388 3178 455 3220 sum
479 3166 581 3240 vates,
604 3159 649 3220 vel
673 3161 740 3238 quia
764 3178 848 3220 saera
871 3178 965 3222 cano.

180 3249 231 3310 Est
255 3267 359 3309 nemus
383 3247 539 3308 arboribus
563 3247 709 3328 densum,
733 3255 868 3309 secretus
891 3248 931 3309 ab
954 3251 1033 3311 omni

134 3349 165 3394 10
224 3337 300 3396 Voce
324 3338 429 3410 loeus,
453 3338 478 3395 si
502 3355 560 3395 non
584 3335 807 3413 obstreperetur
831 3337 937 3415 aquis.

180 3422 233 3482 Hie
257 3443 310 3501 ego
335 3424 533 3504 quaerebam,
557 3427 654 3502 coepti
678 3442 752 3502 quae
776 3427 889 3485 mensis
913 3427 999 3506 origo

225 3511 332 3589 Esset,
356 3515 438 3571 etin
461 3529 532 3572 eura
556 3513 683 3570 nominis
706 3512 794 3572 liuius
817 3530 921 3575 eram.
