2386 3892
92 176 135 240 66
513 176 683 235 TRISTIUM

182 340 233 400 Illa
256 340 320 399 dies
343 340 463 418 veniet,
491 357 556 399 mea
579 356 637 417 qua
660 337 796 416 lugubria
818 357 944 422 ponam,

184 428 336 505 Causaque
360 428 475 506 privata
497 426 614 505 publica
638 428 731 487 maior
755 428 827 487 erit.

567 619 630 691 ΙΠ.

184 779 286 858 Magna
309 780 465 856 minorque
488 772 589 857 ierac,
613 794 740 855 quarum
763 781 843 856 regis
867 777 961 840 altera
985 777 1101 860 Graias,

185 866 284 927 Altera
309 866 466 944 Sidonias,
491 872 615 943 utraque
639 866 717 926 sicca
730 912 739 946 ,
763 873 860 947 rates,

185 954 290 1015 Omnia
313 972 381 1015 eum
404 971 518 1013 summo
541 955 654 1031 positae
677 953 800 1014 videatis
823 955 854 1014 in
878 972 950 1036 axe,

184 1040 222 1103 Et
246 1044 334 1102 maris
358 1040 496 1102 occiduas
519 1057 578 1100 non
603 1039 733 1101 subeatis
756 1058 864 1122 aquas,

155 1130 412 1207 ebetheriamque
436 1131 498 1189 suis
521 1130 643 1206 cingens
666 1127 850 1207 amplexibus
873 1146 973 1189 arcem

187 1218 291 1279 Vester
313 1217 349 1277 ab
372 1219 482 1277 intacta
504 1215 635 1276 circulus
659 1223 739 1278 extet
762 1217 871 1299 humo,

186 1307 314 1386 Aspicite
333 1304 399 1384 illa,
417 1322 524 1384 precor
533 1349 542 1383 ,
562 1321 638 1382 quae
654 1322 713 1365 uon
731 1303 808 1364 bene
827 1306 944 1365 moenia
958 1303 1110 1384 mundam

186 1394 300 1455 Dicitur
322 1392 428 1453 Iliades
451 1391 636 1453 transiluisse
659 1391 787 1474 Remus,

187 1483 279 1560 tuque
304 1498 398 1541 meam
421 1480 530 1541 nitidos
554 1480 701 1540 dominam
725 1482 889 1541 convertite
913 1480 1033 1561 vultus,

139 1581 172 1628 10
188 1570 291 1648 Sitque
314 1586 427 1628 memor
449 1570 544 1628 nostri
567 1584 683 1647 necne,
707 1567 817 1628 referte
839 1567 929 1629 mihi.

186 1657 222 1716 Ei
245 1656 316 1717 mibi
329 1703 338 1736 ,
362 1673 416 1716 cur
441 1652 559 1716 timeo?
582 1664 747 1733 quaesunt
769 1656 944 1736 manifesta,
967 1654 1111 1736 requiro!

188 1744 247 1805 Cur
270 1746 347 1804 iacet
370 1742 505 1821 ambiguo
529 1761 597 1821 spes
622 1761 685 1804 mea
708 1746 799 1804 mixta
822 1738 931 1806 metu?

187 1831 304 1912 Crede,
328 1830 406 1909 quod
430 1838 476 1890 est
498 1837 528 1890 et
550 1833 594 1890 vis
607 1875 616 1909 ,
640 1848 673 1891 ac
697 1832 799 1892 desine
823 1839 887 1892 tuta
911 1833 1029 1914 vereri,

188 1919 288 1997 Deque
312 1919 368 1978 fide
392 1927 472 1979 certa
496 1920 535 1979 sit
557 1917 611 1978 tibi
635 1926 717 1980 certa
739 1919 831 1980 tides.
880 1965 883 1969 J

141 2017 173 2066 15
189 2006 332 2085 Quodque
357 2005 424 2084 poio
447 2008 520 2066 fixae
544 2015 697 2084 nequeunt
721 2005 774 2067 tibi
797 2006 897 2068 dicere
920 2005 1073 2087 fiammae,

187 2095 253 2154 Non
276 2096 436 2155 mentitura
460 2100 492 2153 tu
515 2092 570 2154 tibi
593 2112 664 2154 voce
688 2094 784 2155 refer:

187 2181 261 2242 Esse
285 2184 328 2242 tui
350 2199 533 2261 memorem,
561 2181 597 2242 de
621 2200 679 2260 qua
701 2178 755 2242 tibi
779 2183 904 2242 maxima
927 2200 1000 2244 cura
1022 2189 1089 2263 est,

189 2269 333 2347 Quodque
356 2278 475 2348 potest,
499 2286 601 2330 secum
624 2287 730 2331 nomen
754 2269 866 2330 habere
889 2277 992 2331 tuum.

187 2357 323 2418 Vultibus
346 2357 393 2418 iila
417 2358 477 2418 tuis
500 2365 648 2437 tamquam
671 2360 836 2436 praesentis
858 2357 1012 2439 inhaeret,

139 2456 173 2505 20
188 2445 289 2524 Teque
312 2453 425 2506 remota
448 2444 552 2524 procul
565 2492 574 2525 ,
598 2447 623 2505 si
647 2445 733 2505 modo
757 2447 848 2526 vivit,
868 2452 964 2507 amat.

187 2533 324 2615 Ecquid,
347 2533 399 2595 ubi
421 2532 558 2594 incubuit
580 2535 658 2593 iusto
682 2551 766 2594 mens
790 2550 876 2612 aegra
899 2532 1011 2611 dolori,

188 2621 277 2681 Lenis
300 2621 336 2681 ab
360 2621 508 2681 admonito
531 2629 653 2698 pectore
677 2639 799 2683 somnus
822 2615 935 2683 abui·

188 2707 254 2767 Nou
278 2708 407 2769 subeunt
430 2725 542 2788 curae,
565 2708 635 2769 dum
659 2717 688 2770 te
711 2708 866 2788 lectusque
889 2708 1031 2788 locusque

188 2795 294 2873 Tangit
317 2804 347 2855 et
370 2794 490 2855 oblitam
505 2812 571 2856 non
595 2798 665 2857 sinit
688 2814 753 2858 esse
777 2793 861 2858 mci?

140 2892 173 2942 25
188 2882 227 2943 Et
248 2883 372 2943 veniunt
394 2890 515 2963 aestus,
538 2890 568 2944 et
591 2901 648 2944 nor
672 2886 805 2945 inmensa
828 2883 965 2965 videtur,

188 2970 337 3049 Fessaque
360 2972 458 3032 iactati
483 2974 616 3051 corporis
640 2990 706 3032 ossa
730 2969 856 3033 dolent?

188 3057 254 3118 Non
278 3058 414 3137 equidem
438 3052 563 3141 dubito,
587 3062 658 3138 quin
681 3060 753 3121 haee
777 3068 808 3121 et
831 3067 931 3121 cetera
954 3061 1040 3138 fiant,

188 3146 302 3226 betque
325 3153 395 3214 tuus
419 3149 523 3208 maesti
546 3149 629 3226 signa
652 3147 761 3208 doloris
785 3166 885 3229 amor,

76 3257 78 3260 ’
187 3234 248 3295 Nee
272 3237 406 3295 cruciere
430 3237 527 3296 miuus
540 3281 550 3315 ,
580 3253 668 3313 quam
697 3252 777 3299 eum„
788 3235 928 3296 Thebana
951 3241 1114 3297 cruentum

139 3332 174 3381 30
189 3321 316 3383 Hectora
338 3322 508 3383 Thessalico
531 3321 603 3382 vidit
627 3321 662 3383 ab
686 3341 739 3384 are
762 3327 844 3403 rapi.

189 3408 265 3479 Quid
281 3419 378 3470 tamen
396 3412 460 3489 ipse
477 3428 602 3490 precer,
621 3410 741 3472 dubito.
778 3430 834 3473 nec
853 3412 953 3473 dicere
971 3426 1113 3491 possum,

187 3495 333 3558 edoctum
357 3514 444 3575 quem
468 3505 497 3559 te
521 3500 629 3559 mentis
651 3497 760 3559 babere
784 3499 888 3561 velim.
