2386 3892
91 163 157 229 214
499 164 690 238 rasponum

180 329 264 400 Quod
288 331 359 390 satis
383 336 450 410 est,
472 337 559 389 utero
582 331 686 390 matris
710 328 785 389 dum
809 331 937 409 prodeat
959 333 1069 412 infans,

223 415 285 477 lloc
309 434 385 477 anno
410 419 512 477 statuit
534 419 677 496 temporis
700 435 766 477 esse
790 419 878 478 satis.

131 518 165 567 35
180 506 237 566 Per
260 504 382 565 totidem
406 523 523 565 menses
546 525 561 565 a
585 506 690 565 funere
715 507 849 583 coniugis
872 524 948 567 uxor

225 592 358 654 Sustinet
380 595 411 652 in
434 592 521 653 vidua
543 594 640 653 tristia
663 595 747 670 signa
770 592 876 655 domo.

180 681 258 742 Haec
280 682 371 760 igitur
394 681 466 740 vidit
489 679 614 741 trabeati
636 698 708 740 cura
732 680 866 761 Quirini,

225 768 299 829 Cum
322 768 447 829 rudibus
470 768 587 847 populis
610 785 706 828 annua
729 771 794 828 iura
818 768 920 832 daret.

180 857 281 917 Martis
304 864 368 916 erat
390 859 505 935 primus
528 858 660 937 mensis,
684 855 866 936 Venerisque
890 858 1054 919 secundus:

132 958 166 1006 40
225 944 302 1004 Haec
326 947 443 1023 generis
466 946 622 1024 princeps,
646 946 741 1022 ipsius
763 944 811 1005 ille
835 952 939 1023 pater:

181 1033 299 1092 Tertius
323 1049 339 1092 a
363 1031 504 1111 senibus,
527 1034 667 1092 iuvenum
691 1031 727 1091 de
751 1034 870 1093 nomine
894 1041 1034 1114 quartus,

225 1120 305 1191 Quae
330 1122 486 1199 sequitur,
509 1137 633 1180 numero
658 1117 745 1180 turba
768 1128 867 1181 notata
891 1123 966 1182 luit.

181 1209 218 1269 dt
240 1207 334 1267 Numa
357 1225 412 1267 nec
436 1208 537 1268 lanum
561 1226 616 1268 nec
639 1210 731 1268 avitas
753 1211 897 1287 praeterit
919 1208 1053 1289 umbras,

223 1295 374 1356 Mensibus
397 1297 526 1374 antiquis
550 1299 780 1375 praeposuitque
803 1297 898 1358 duos.

132 1398 166 1447 45
181 1385 223 1445 Ne
247 1394 345 1445 tamen
368 1386 486 1463 ignores
509 1387 658 1444 variorum
680 1386 745 1444 iura
768 1382 903 1468 dierum,

224 1473 288 1533 Non
313 1472 401 1532 babet
424 1473 514 1532 oflicii
536 1472 641 1532 lucifer
665 1473 761 1532 omnis
784 1472 882 1534 idem.

180 1560 230 1622 llle
254 1562 386 1621 nefastus
410 1562 467 1620 erit
479 1609 488 1641 ,
510 1578 564 1639 per
588 1578 676 1639 quem
699 1563 755 1620 tria
777 1558 866 1620 verba
891 1560 1030 1621 silentur:

224 1648 329 1708 Vastus
353 1650 430 1727 erit,
454 1666 508 1727 per
531 1666 620 1727 quern
641 1647 706 1726 lege
728 1647 830 1708 licebit
852 1651 916 1728 aqi.

181 1735 241 1796 Neo
265 1745 326 1795 toto
349 1744 483 1813 perstare
506 1736 553 1796 die
577 1754 630 1796 sua
652 1738 717 1796 iura
740 1738 883 1814 putaris:-

132 1836 166 1884 50
226 1823 283 1894 Qui
305 1826 363 1883 iam
385 1824 479 1883 fastus
502 1826 581 1902 erit,
604 1841 689 1884 mane
712 1824 845 1884 nefastus
868 1832 951 1886 erat.

181 1911 254 1971 Nam
278 1910 365 1970 simul
388 1919 454 1970 exta
478 1911 533 1971 deo
557 1912 622 1972 data
646 1919 737 1991 sunt,
760 1911 830 1972 licet
852 1900 953 1972 omnia
974 1912 1042 1991 fari,

224 1998 378 2076 Verbaque
401 1998 562 2059 honoratus
585 1999 678 2059 libera
699 2007 819 2078 praetor
842 1999 950 2061 habet.

181 2086 235 2147 Est
257 2103 397 2166 quoque,
422 2104 479 2164 quo
498 2087 640 2165 populum
663 2089 710 2147 ius
733 2093 778 2146 est
800 2086 954 2148 includere
972 2088 1083 2166 saeptis:

224 2173 278 2234 Est
301 2192 441 2253 quoque,
465 2177 516 2252 qui
539 2193 617 2235 nono
641 2193 758 2254 semper
780 2173 817 2235 ab
840 2174 913 2236 orbe
937 2175 1026 2237 redit.

134 2275 167 2324 55
181 2262 315 2323 Vindicat
337 2262 481 2322 Ausonias
504 2261 626 2323 lunonis
649 2280 721 2323 cura
744 2261 907 2344 Kalendas,

224 2350 325 2412 ldibus
349 2350 412 2410 alba
436 2348 497 2411 lovi
519 2350 658 2429 grandior
681 2368 754 2429 agna
777 2351 873 2431 cadit;

180 2439 330 2500 Nonarum
354 2439 446 2499 tutela
469 2438 523 2498 deo
547 2446 649 2499 caret.
692 2438 829 2498 omnibus
852 2440 919 2499 istis
941 2470 976 2484 -

225 2527 268 2588 Ne
292 2527 391 2587 fallare
415 2544 485 2586 cave
509 2559 543 2568 -
564 2528 717 2606 proximus
740 2533 804 2586 ater
827 2528 901 2588 erit.

182 2616 275 2676 Omen
299 2614 335 2674 ab
358 2622 465 2675 eventu
489 2621 556 2674 est:
588 2614 646 2674 illis
669 2632 736 2674 nam
759 2613 851 2674 Roma
875 2613 979 2676 diebus

135 2716 168 2764 60
228 2703 335 2762 Damna
359 2702 415 2763 snb
439 2720 541 2762 averso
564 2704 661 2763 tristia
683 2702 776 2762 blarte
799 2701 886 2763 tulit.

181 2789 260 2849 llaec
283 2789 354 2849 mihi
377 2791 456 2850 dicta
478 2790 590 2872 semel,
614 2793 685 2850 totis
708 2790 859 2850 haerentia
882 2790 981 2872 fastis,

225 2876 268 2937 Ne
292 2879 400 2937 scriem
423 2896 534 2959 rerum,
548 2878 683 2939 scindere
707 2896 817 2958 cogar,
841 2888 947 2939 erunt.

443 3017 469 3079 1.
506 2977 751 3080 ominum

182 3141 258 3202 Ecce
282 3140 337 3202 tibi
360 3142 511 3222 faustum,
535 3142 732 3224 Germanice,
755 3145 872 3204 nuntiat
895 3159 1018 3220 annum,

225 3229 319 3308 Inque
343 3248 408 3290 meo
432 3233 546 3309 primus
570 3233 699 3291 carmine
723 3230 811 3292 lanus
834 3231 934 3292 adest.

134 3328 167 3376 65
182 3316 249 3377 lane
273 3317 396 3399 biceps,
420 3321 489 3378 anni
512 3321 599 3379 tacite
624 3319 748 3379 labentis
772 3321 874 3400 origo,

227 3404 313 3464 Solus
336 3407 373 3466 dc
397 3409 513 3486 superis
537 3409 588 3485 qui
610 3415 660 3467 tua
684 3416 765 3486 terga
789 3408 888 3487 rides,

181 3489 290 3551 Dexter
313 3491 383 3553 ades
406 3493 554 3571 ducibus,
578 3513 705 3573 quorum
728 3513 833 3556 secura
856 3495 955 3555 labore
