2408 3900
142 182 185 246 52
565 180 736 233 rmsrmu

230 347 381 406 Materiam
406 345 509 424 culpae
532 346 784 425 persequiturque
808 361 898 404 suae.

181 449 216 496 35
230 434 290 494 Nos
314 450 431 512 quoqne
456 432 603 494 delectant
616 478 625 512 ,
649 433 781 510 quamvis
804 449 957 512 nocuere,
981 432 1091 515 libelli,

230 522 374 599 Quodque
399 521 470 583 mihi
492 521 585 582 telum
608 520 730 580 vulnera
753 520 825 580 lecit
836 566 846 596 ,
870 537 956 580 amo.

230 610 367 670 Forsitan
389 609 446 669 hoo
471 608 602 669 studium
625 610 718 688 possit
742 608 826 668 furor
849 625 915 668 esse
938 607 1052 691 videri,

231 697 288 758 Sed
313 696 451 775 quiddam
475 697 559 757 luror
582 697 631 756 hic
655 695 791 757 utilitatis
814 694 921 757 habet.

231 786 355 863 Semper
377 787 408 844 in
432 783 539 846 obtutu
562 791 692 845 mentem
716 791 796 844 uetat
818 801 885 843 esse
908 783 1073 864 malorum,

181 886 215 935 40
230 874 400 934 Praesentis
423 890 509 933 casus
532 874 787 949 inmemoremque
811 871 898 931 iacit.

230 961 328 1039 thue
352 978 439 1021 suum
461 959 577 1021 Bacche
600 978 660 1021 non
684 962 775 1020 sentit
798 961 898 1020 saucia
920 958 1047 1041 vulnus,

229 1049 306 1109 llum
330 1055 430 1126 stupet
452 1046 547 1108 ldaeis
570 1047 718 1109 exululata
741 1047 854 1127 modis,

230 1136 280 1197 Sic
303 1135 355 1196 nbi
377 1143 456 1195 mota
480 1135 576 1196 calent
599 1136 687 1196 viridi
709 1153 775 1196 mea
797 1142 919 1214 pectora
942 1135 1064 1218 thyrso,

229 1224 324 1285 Altior
347 1223 476 1284 humano
500 1225 624 1302 spiritus
646 1222 696 1284 ille
718 1223 795 1283 malo
819 1230 882 1284 cst.

181 1312 280 1374 451115
305 1329 360 1371 nec
383 1311 526 1392 exilium,
550 1311 682 1390 Scythici
704 1329 759 1372 neo
782 1310 869 1372 litora
892 1313 994 1393 ponti,

230 1400 282 1461 llle
306 1417 361 1460 nec
384 1402 476 1460 iratos
499 1401 591 1460 sentit
614 1398 723 1460 hebere
738 1398 838 1459 deos.

229 1489 327 1566 thue
351 1488 531 1566 soporiferae
558 1486 693 1548 biberem
716 1489 742 1547 si
763 1486 870 1566 pocula
892 1485 1020 1569 Lethes,

231 1576 387 1654 Temporis
410 1574 527 1634 adversi
550 1578 593 1635 sic
617 1575 689 1635 mihi
708 1592 814 1636 sensus
837 1573 941 1635 abest.

230 1664 298 1724 lure
322 1663 392 1722 deas
415 1663 507 1740 igitur
529 1681 656 1723 veneror
678 1662 753 1723 mala
776 1669 878 1723 nostra
900 1660 1052 1743 levantes,

182 1765 216 1813 50
232 1751 380 1810 Sollicitas
404 1752 527 1810 comites
551 1769 587 1811 ex
609 1750 751 1811 Helicone
776 1752 879 1831 fugae,

231 1839 268 1898 m
290 1840 399 1916 partim
423 1838 526 1916 pelago
549 1841 657 1916 partim
680 1841 803 1917 vestigia
826 1845 907 1899 terra

231 1925 283 1987 Vel
307 1933 369 1985 rate
393 1926 526 2004 dignatas
550 1927 595 1986 vel
618 1926 693 2005 pede
715 1935 819 1987 nostra
842 1927 945 2005 sequi.

232 2013 313 2093 Sint,
327 2031 451 2093 precor,
465 2013 538 2074 haec
553 2014 656 2074 saltem
671 2014 772 2075 faciles
781 2012 869 2075 mihil
888 2031 1016 2092 namque
1031 2012 1157 2076 deorum

227 2102 337 2163 ,Cetera
360 2119 428 2161 cum
451 2119 558 2180 magno
581 2101 706 2162 Caesare
729 2101 818 2164 turba
841 2102 929 2183 lacit,

184 2202 218 2251 55
233 2191 339 2268 Meque
362 2198 408 2249 tot
430 2189 563 2250 adversis
587 2190 739 2252 cumulant
750 2237 760 2271 ,
785 2198 857 2269 qnot
879 2189 950 2251 litus
974 2207 1099 2269 arenas,

232 2278 369 2355 Quotque
392 2278 504 2338 fretum
525 2279 645 2358 pisces,
669 2297 782 2358 ovaque
805 2280 896 2357 piscis
918 2276 1026 2339 babet.

231 2366 306 2427 Vere
330 2367 414 2444 prius
436 2365 549 2447 liores,
573 2373 657 2427 aestu
680 2365 851 2427 numerabis
875 2366 1000 2446 aristas,

231 2454 322 2515 Poma
345 2472 398 2533 per
422 2461 598 2516 autumnum
621 2453 843 2533 frigoribusque
866 2455 968 2535 nives,

232 2543 326 2613 Quam
350 2542 425 2602 mala
437 2590 447 2623 ,
471 2560 546 2621 quae
569 2549 633 2622 toto
655 2544 753 2621 patior
777 2545 902 2603 iactatus
924 2543 956 2602 in
979 2540 1074 2623 orbe,

184 2645 217 2694 50
233 2631 308 2691 Dum
332 2632 424 2691 miser
446 2629 555 2691 Euxini
579 2629 666 2690 litora
689 2630 770 2691 laeva
792 2638 880 2709 peto.

232 2717 293 2778 Nec
317 2726 437 2796 tamon,
461 2729 495 2779 ut
517 2722 607 2800 veni,
629 2717 722 2779 levior
745 2719 865 2779 fortuna
888 2716 1034 2778 malornm
1058 2725 1124 2780 est:

232 2805 297 2866 Huc
322 2823 441 2883 quoque
464 2815 535 2867 sunt
558 2814 674 2867 nostras
697 2808 756 2868 iata
779 2807 984 2867 secretarios,

232 2893 288 2953 Η15
312 2910 430 2972 quoquc
454 2911 601 2973 cognosco
625 2894 730 2955 natalis
754 2896 878 2956 stamina
901 2894 1015 2975 nostri,

233 2981 366 3042 Stamina
389 2980 425 3042 de
448 2984 534 3059 nigro
558 2981 667 3043 vellere
691 2981 881 3043 laetamini.

184 3083 217 3133 65
232 3070 330 3150 thue
354 3087 409 3130 neo
433 3070 555 3130 insidias
579 3072 743 3149 capitisque
766 3069 900 3150 pericula
923 3085 1062 3151 narrem,

232 3159 308 3220 Vera
331 3158 473 3238 quidem,
496 3161 560 3218 reri
583 3158 634 3219 sed
658 3161 793 3237 graviora
816 3157 891 3219 fide:

232 3246 337 3308 Vivere
362 3264 450 3325 quam
473 3249 617 3307 miserum
641 3256 687 3306 est
715 3248 793 3307 inter
816 3245 986 3328 Bessosque
1009 3241 1163 3324 Getasque

232 3334 319 3394 Illum
332 3381 341 3415 ,
365 3337 417 3413 qui
438 3334 543 3414 populi
567 3352 684 3414 semper
709 3336 739 3395 in
763 3352 815 3394 ore
839 3331 912 3395 luit!

232 3421 326 3492 Quam
350 3425 491 3484 miserum
516 3430 584 3502 est,
607 3429 693 3501 porta
716 3424 805 3484 vitam
829 3438 977 3499 muroque
999 3420 1101 3500 tueri,

184 3522 218 3572 to
233 3510 346 3582 Vixque
370 3512 418 3571 sui
439 3518 538 3572 tutum
563 3511 675 3572 viribus
699 3527 765 3571 esse
788 3508 865 3571 locil
