2386 3892
90 166 153 232 132
497 168 546 218 EX
563 166 682 220 PONTO

176 332 209 393 ln
233 329 342 410 quibus
363 332 517 408 ingenium
540 331 650 391 desiste
674 331 829 410 requirere
852 324 1003 407 nostrum,

219 419 345 480 Nescius
368 417 449 479 exilii
470 435 508 478 ne
531 418 649 479 videare
673 421 747 479 mei.

146 506 304 587 scennis,
325 513 361 568 ut
382 509 520 585 ignavum
542 512 734 584 corrumpant
757 508 816 567 otia
840 523 966 588 corpus,

220 594 260 656 Ut
282 604 401 655 careant
423 596 518 674 vitio,
542 595 568 654 si
590 600 785 674 moveantur,
809 611 920 674 aquac.

176 682 215 744 Et
236 682 310 743 mihi
333 683 426 762 siquis
450 691 514 742 erat
536 682 665 743 ducendi
687 683 826 743 carminis
850 699 940 762 usus,

221 770 347 851 Deficit,
371 777 475 849 estque
499 771 597 830 minor
620 769 715 831 iactus
738 770 835 831 inerte
858 771 936 831 situ.

177 857 255 920 llaec
279 875 421 938 quoque,
445 874 520 937 quae
543 856 663 938 legitis,
691 857 789 935 siquid
813 856 886 918 mihi
898 904 907 940 ‚
930 856 1068 938 Maxime,

724 945 839 1024 credis,

132 1045 164 1094 10
225 1033 389 1094 Scribimus
412 1033 502 1093 invita
524 1035 632 1112 vixque
656 1039 756 1094 coacta
778 1049 886 1093 manu.
979 1076 981 1080 .

177 1120 243 1183 Non
266 1121 339 1182 libet
362 1123 394 1181 in
417 1120 483 1182 talis
507 1122 638 1181 animum
661 1119 840 1181 contendere
864 1137 969 1200 curas,

220 1207 282 1270 Nec
306 1210 385 1270 venit
407 1208 443 1269 ad
467 1208 558 1269 duros
581 1207 665 1269 Musa
687 1215 790 1270 vocata
812 1207 916 1270 Getas.

176 1297 216 1359 Ut
238 1305 336 1358 tamen
358 1299 423 1376 ipse
446 1296 550 1377 vides,
572 1295 669 1357 luctor
693 1295 841 1357 deducere
864 1313 1000 1358 versum:

223 1384 281 1446 Sed
305 1403 365 1446 non
388 1385 421 1445 fit
444 1385 503 1446 iato
526 1382 643 1445 mollior
664 1382 714 1445 ille
737 1401 821 1445 meo.

131 1485 163 1534 15
178 1474 252 1535 Cum
274 1474 397 1553 relego,
421 1474 576 1551 scripsisse
599 1471 712 1552 pudet,
736 1474 805 1551 quia
827 1470 956 1551 plurima
978 1488 1067 1532 cerno

221 1560 267 1621 lle
291 1579 432 1640 quoque,
457 1562 508 1638 qui
531 1561 588 1620 ieci
601 1607 610 1641 ,
633 1559 731 1621 iudice
755 1558 843 1638 digna
865 1559 937 1619 lini.

177 1647 239 1709 Nec
261 1657 360 1708 tamen
380 1648 526 1708 emendo.
558 1647 641 1708 labor
659 1647 708 1708 hic
727 1664 816 1727 quam
834 1645 967 1708 scribere
985 1649 1079 1708 maior
1088 1690 1099 1724 ‚

222 1734 365 1814 Mensque
387 1737 449 1814 pati
471 1735 579 1796 durum
603 1737 731 1796 sustinet
753 1752 840 1812 aegra
863 1733 953 1796 nibil.

179 1821 299 1883 Scilicet
322 1823 459 1902 incipiam
482 1822 551 1884 lima
574 1822 742 1885 mordacius
765 1825 826 1903 uti,

130 1922 164 1971 20
222 1909 260 1970 Et
283 1908 339 1970 sub
361 1909 504 1971 iudicium
527 1911 642 1989 singula
664 1911 754 1971 verba
777 1905 907 1971 rocem?

178 1996 312 2076 Torquet
340 1999 418 2058 enim
446 1998 564 2059 fortuna
590 2016 718 2081 parum,
745 1999 804 2059 nisi
831 1997 935 2058 Lissus
961 1997 994 2057 in

724 2085 857 2147 Hebrum
1054 2093 1100 2146 (1⁹)

223 2171 379 2253 Confluat,
403 2180 432 2233 et
455 2172 575 2234 irondes
599 2172 722 2234 saltibus
746 2173 833 2234 addat
854 2167 956 2234 Albo?

179 2260 364 2322 Parcendum
387 2268 433 2321 cst
456 2262 552 2321 animo
575 2260 743 2322 miserabile
766 2260 873 2322 vulnus
896 2259 1034 2322 babenti.

224 2347 401 2410 Subducunt
424 2351 508 2409 oneri
532 2348 605 2409 colla
628 2356 749 2427 perusta
772 2348 880 2409 boves.

132 2448 164 2498 25
179 2438 217 2498 lt
229 2483 238 2516 ,
261 2444 356 2518 puto,
378 2438 495 2499 iructus
518 2437 624 2517 adest,
651 2438 812 2498 iustissima
835 2453 925 2498 causa
947 2433 1096 2508 laborum,

222 2524 261 2586 Et
284 2532 345 2586 sata
368 2543 437 2586 cum
460 2524 552 2585 multo
576 2524 678 2585 fenore
701 2525 799 2587 reddit
822 2519 917 2603 ager?

179 2612 309 2692 Tempus
332 2613 448 2674 adhoc
471 2611 579 2693 nobis,
602 2620 719 2692 repetas
742 2612 812 2674 licet
834 2613 955 2691 omnia,
982 2609 1094 2673 nullum

222 2699 338 2762 Proluit
359 2734 394 2744 —
417 2709 506 2779 atque
529 2703 642 2762 utinam
665 2718 724 2761 non
748 2698 921 2762 nocuisseti
944 2732 979 2745 ·-
1002 2714 1090 2778 opus.

180 2786 239 2847 Cur
261 2789 353 2865 igitur
376 2788 526 2868 scribam,
548 2785 697 2849 miraris?
719 2791 811 2849 miror
833 2797 864 2850 ei
887 2790 968 2868 ipse,

90 2889 92 2893 ’
132 2886 166 2935 30
225 2873 263 2934 Et
285 2883 385 2935 tecum
409 2893 518 2954 quaero
542 2894 630 2956 saepe
643 2923 652 2956 ,
676 2875 838 2958 quidinde
861 2884 976 2955 petam.

180 2961 224 3022 An
247 2960 375 3040 populus
398 2980 467 3023 vere
491 2980 578 3024 sanos
601 2973 689 3042 negat
712 2982 778 3025 esse
800 2960 930 3044 poetas?

225 3049 356 3130 Sumque
379 3049 452 3111 fides
474 3050 564 3113 huius
587 3053 711 3113 maxima
733 3053 814 3113 vocis
837 3048 920 3132 ego?

180 3138 260 3219 Qui,
283 3138 378 3200 sterili
401 3141 509 3200 totiens
532 3157 601 3200 cum
625 3143 681 3202 sim
704 3138 848 3220 deceptus
871 3139 907 3201 ab
929 3155 1013 3216 arvo,

223 3226 366 3288 Damnosa
390 3234 491 3306 persto
515 3228 643 3289 condere
667 3245 768 3289 semen
790 3227 900 3289 humo.

133 3324 166 3372 35
182 3312 302 3375 Scilicet
325 3323 371 3376 est
393 3316 519 3395 cupidus
542 3316 708 3377 studiorum
732 3317 859 3395 quisque
883 3330 1017 3391 suorum,

223 3401 353 3481 Tempus
376 3411 407 3465 et
429 3404 551 3465 adsueta
572 3421 684 3482 ponere
707 3406 738 3465 in
761 3405 945 3466 anteierat.

182 3487 305 3550 Saucius
329 3492 425 3551 eiurat
447 3509 575 3571 pugnam
598 3490 763 3574 gladiator,
786 3490 917 3553 elidem
