2386 3892
420 166 469 217 111.
489 177 510 219 v
524 162 629 218 arr-m
642 127 695 219 n(
994 164 1057 231 181

184 325 227 387 Ex
251 345 298 388 mc
311 374 320 407 ,
345 329 369 388 si
393 331 491 389 nescis
504 374 513 408 ,
536 331 647 389 certior
671 346 737 390 esse
759 337 863 409 potes.

140 415 215 478 Huic
238 433 312 496 ego,
335 433 423 495 quarn
445 418 562 496 patior,
585 417 627 478 nil
649 435 769 496 possem
787 419 906 480 demere
929 436 1058 500 poenae,

88 519 125 566 10
186 503 218 564 Si
240 503 329 564 iudex
353 505 452 565 meriti
475 521 599 583 cogerer
622 523 688 566 esse
711 509 786 568 mei.

138 592 203 652 Non
227 599 307 652 vetat
329 591 378 652 ille
402 594 449 653 sui
472 610 649 672 quemquam
672 596 842 656 meminisse
865 595 982 677 sodalis,

183 678 244 740 Nec
266 679 406 759 prohibet
428 680 482 741 tibi
505 699 552 741 me
575 681 730 762 scribere,
753 690 842 763 teque
864 685 954 747 mihi.

137 767 200 829 Nec
224 768 322 828 scelus
345 769 503 851 admittas,
526 771 553 830 si
575 770 737 831 consoleris
760 773 904 853 amicum,

183 854 320 917 Mollibus
344 865 374 917 et
397 857 495 918 verbis
518 874 623 937 aspera
645 859 704 919 iata
725 856 822 920 leves.

87 955 124 1005 15
139 944 222 1024 Cur,
246 944 317 1005 dum
339 953 404 1007 tuta
426 947 535 1026 times,
559 946 631 1006 sacis
653 954 689 1008 ut
710 949 876 1009 reverentia
902 947 969 1009 talis

182 1032 248 1093 Fiat
268 1034 301 1093 in
323 1034 472 1113 Augustos
494 1032 637 1095 invidiosa
660 1031 762 1096 deos?

138 1121 282 1182 Fulminis
307 1121 428 1183 adllatos
451 1122 602 1183 interdum
625 1125 722 1184 rivere
745 1124 813 1186 telis

182 1207 316 1270 Vidimus
339 1218 370 1270 et
392 1211 497 1291 refici,
520 1229 579 1272 non
602 1211 778 1290 prohibente
801 1211 887 1274 lore.

138 1295 222 1378 Nec,
246 1297 493 1378 quia·Neptunus
517 1316 620 1359 navem
643 1299 786 1361 lacerarat
808 1299 918 1381 Ulixis,

90 1399 124 1446 ao
184 1384 353 1448 Leucothea
375 1390 458 1448 nanti
481 1388 570 1449 serre·
584 1390 700 1467 negarit
722 1405 826 1468 opem.

139 1472 233 1534 Crede
255 1473 328 1535 mihi
340 1522 349 1556 ,
373 1477 491 1536 miseris
514 1475 651 1538 caelestia
673 1477 794 1537 numina
816 1483 961 1556 parcunt,

182 1561 243 1623 Nec
267 1580 385 1642 semper
407 1563 503 1624 laesos
527 1572 557 1624 et
579 1566 643 1625 sinc
666 1565 724 1626 line
747 1571 904 1644 premunt.

137 1649 277 1729 Principe
301 1669 356 1713 nec
379 1661 481 1713 nostro
505 1651 580 1712 deus
603 1663 649 1714 est
672 1651 852 1715 moderatior
874 1651 970 1715 ullus:

183 1737 298 1799 lustitia
320 1742 399 1801 uires
423 1747 569 1820 temperat
591 1741 640 1803 ille
663 1760 748 1804 suas.

90 1838 124 1886 25
139 1824 240 1904 Nuper
264 1845 328 1888 eam
352 1827 458 1889 Caesar
481 1829 558 1890 lacto
582 1828 618 1890 dc
642 1848 789 1892 marmore
812 1829 940 1912 templo,

183 1913 359 1994 Iampridem
381 1918 482 1996 posuit
504 1919 611 1979 mentis
634 1921 666 1980 in
689 1918 761 1980 aede
784 1936 872 1981 suae.

139 2001 272 2081 luppiter
295 2005 327 2064 in
348 2004 458 2065 multos
481 2009 638 2068 temeraria
661 2006 783 2068 fulmina
804 2013 944 2086 torquet,
1012 2017 1056 2070 (⁹0)

184 2089 242 2159 Qui
264 2109 390 2170 poenam
414 2093 500 2173 culpa
519 2112 581 2157 nen
604 2112 742 2157 meruere
764 2097 842 2175 pati.

141 2176 283 2240 Obruerit
305 2196 373 2240 cum
397 2188 442 2242 tot
464 2183 559 2242 saeris
581 2182 655 2244 deus
678 2186 816 2262 aequoris
839 2183 944 2264 undis,

92 2278 126 2326 30
184 2265 227 2326 Ex
251 2267 309 2328 illis
332 2270 426 2346 mergi
448 2287 517 2348 pars
540 2279 629 2348 quota
653 2271 741 2348 digne
764 2267 846 2331 fuit?

141 2352 214 2415 Cum
237 2366 361 2434 pereant
384 2358 447 2416 acie
470 2357 630 2418 fortissima
653 2374 810 2438 quaeque,
833 2357 879 2417 vel
901 2359 967 2437 ipso

183 2441 283 2504 ludicc
307 2442 441 2504 delectus
463 2443 564 2505 Martis
587 2446 708 2523 iniquus
731 2446 805 2505 erit.

139 2530 177 2590 lc
199 2533 225 2591 si
248 2531 325 2593 forte
347 2531 420 2593 velis
443 2535 474 2592 in
496 2549 551 2593 nos
574 2533 749 2617 inquirere,
771 2547 859 2592 nemo
882 2538 946 2611 est,

184 2617 242 2688 Qui
265 2637 320 2701 se,
344 2619 423 2700 quod
446 2623 579 2702 patitur,
602 2622 814 2682 commeruisse
837 2626 945 2699 neget.

92 2717 125 2767 au
138 2704 244 2786 Adde,
267 2709 347 2787 quod
370 2709 517 2770 extinctos
542 2708 587 2770 rel
610 2726 707 2790 aqua,
725 2709 771 2770 rel
788 2707 903 2791 llarte,
927 2706 972 2770 rel
994 2710 1056 2789 igni

183 2794 269 2855 Nulla
291 2803 391 2876 potest
411 2799 521 2858 iterum
543 2799 711 2859 restituisse
734 2797 815 2860 dics.

139 2881 282 2944 Restituit
304 2884 436 2966 multos,
458 2892 510 2947 aut
532 2903 645 2965 poenae
667 2894 752 2966 parte
775 2887 881 2949 levarit

184 2971 312 3032 Caesar.
355 2981 386 3035 et
407 2974 439 3034 in
462 2974 563 3035 multis
587 2993 656 3056 me,
678 2993 808 3057 precor,
831 2993 897 3036 esse
920 2973 1007 3036 veliti

138 3059 177 3120 At
199 3068 255 3140 tu,
278 3078 346 3122 curn
369 3061 420 3122 tali
442 3061 569 3142 populus
592 3061 648 3124 sub
671 3065 805 3144 principe
830 3065 940 3143 simus,

91 3158 125 3208 40
183 3147 328 3228 Adloquio
350 3150 470 3228 profugi
492 3150 589 3212 credis
611 3153 710 3212 inesse
733 3147 871 3211 metum?

139 3235 276 3298 Forsitan
297 3235 372 3299 haec
394 3236 513 3299 domino
536 3238 672 3300 Busiride
695 3240 762 3298 iure
785 3239 923 3316 timeres,

183 3324 242 3386 Aut
264 3324 352 3386 solito
375 3325 491 3387 clausos
514 3344 602 3388 urere
625 3327 747 3386 inaerc
771 3327 868 3386 viros.

139 3411 247 3474 Besine
270 3415 372 3475 mitem
395 3416 525 3475 animum
548 3430 622 3474 vano
645 3413 788 3474 infamare
809 3414 933 3474 timore.

186 3499 278 3561 Saeva
301 3503 371 3580 quid
395 3503 426 3562 in
448 3501 572 3582 placidis
595 3518 664 3561 sara
686 3501 800 3562 vereris
821 3497 933 3582 aquis?
996 3542 998 3549 ,
