2386 3892
444 178 465 231 1.
485 181 634 232 est-458.
974 178 1041 243 225

167 343 249 404 Sicut
273 351 336 403 erat
359 342 426 403 lusu
450 343 548 421 13333,
572 345 682 421 quierit
705 343 813 404 humo.

52 445 105 495 433
121 433 223 509 Surgit
246 449 346 491 amans
359 478 368 510 ,
392 432 576 509 animamque
601 438 705 492 tenens
729 434 850 510 vestigia
874 432 977 493 furtim

167 521 317 599 Suspenso
341 519 440 597 digitis
463 520 522 578 lert
545 521 690 601 taciturna
714 520 823 597 gradu.

121 609 159 668 Ut
184 610 279 686 tetigit
303 610 404 667 niveae
428 615 541 666 secreta
565 606 672 666 cubilia
696 608 858 689 nymphae,

166 696 230 774 lpsa
255 698 301 755 sui
324 695 409 755 ssatus
434 713 471 754 ne
495 704 580 754 sonet
603 713 696 774 aura,
719 703 818 755 cavet.

121 784 239 845 Etiam
263 785 384 843 finitima
409 800 516 861 corpus
539 781 664 842 librabat
687 785 717 842 in
741 782 849 844 herba:

12 870 16 876 ’
54 886 107 934 433
167 873 217 932 1113
242 880 338 931 tamen
363 870 447 931 multi
470 870 555 948 plena
578 872 694 949 soporis
718 880 797 932 erat.

122 960 258 1040 Gaudet,
283 965 311 1018 et
335 977 350 1018 a
374 957 498 1036 pedihus
523 965 615 1018 tracto
640 958 782 1019 velamine
806 966 871 1020 1313

166 1048 208 1107 Ad
232 1066 284 1107 sna
308 1046 386 1107 lelici
410 1054 547 1125 coeperat
570 1049 613 1106 ire
637 1049 699 1106 113.

123 1136 199 1196 Ecce
223 1135 334 1195 rudens
357 1152 447 1194 rauco
472 1134 562 1194 Sileni
585 1143 686 1195 vector
709 1134 816 1196 asellus

167 1224 392 1302 Intempestivos
416 1222 507 1283 edidit
529 1240 581 1281 ore
605 1240 710 1282 sonos.

55 1325 108 1373 433
124 1312 238 1371 Territa
263 1313 416 1387 consurgit
439 1310 587 1388 nymphe,
612 1309 804 1388 manibusque
828 1309 967 1389 Priapum
1054 1311 1056 1315 ’

167 1399 285 1479 1131311,
308 1408 338 1458 31
361 1399 477 1476 fugiens
501 1400 628 1458 concitat
650 1415 736 1457 omne
761 1416 882 1458 nemus.

123 1489 161 1546 ht
184 1487 257 1547 deus
270 1533 279 1565 ,
304 1486 430 1546 obscena
454 1488 576 1545 nimium
600 1503 718 1564 quoque
741 1493 824 1564 parte
848 1494 985 1565 paratus,

168 1574 312 1634 Omnibus
336 1574 370 1634 ad
394 1573 481 1633 lunae
503 1573 613 1634 lumina
637 1576 715 1633 risus
739 1582 819 1634 3131.

124 1662 218 1722 Morte
242 1663 324 1722 dedit
346 1679 456 1741 poenas
479 1669 582 1722 auctor
606 1661 759 1722 clamoris:
793 1662 916 1724 ethaeo
940 1671 987 1723 331

54 1764 107 1811 443
167 1750 403 1828 Hellespontiaco
426 1751 542 1810 victima
565 1758 646 1828 grata
670 1750 742 1810 deo.

123 1838 251 1898 intactae
275 1838 397 1897 iueratis
421 1856 489 1898 ares
501 1885 510 1917 ,
535 1837 640 1898 solacia
664 1842 761 1918 13113,

168 1927 328 1986 Adsuetum
353 1925 432 1985 silvis
456 1927 675 2004 innocuumque
698 1945 809 2006 genus,

124 2014 205 2085 Quae
230 2015 325 2073 facitis
349 2013 455 2093 nidos,
480 2031 554 2091 quae
577 2015 684 2092 plumis
708 2033 761 2074 ova
784 2015 906 2095 1313113,

169 2102 206 2161 Et
230 2101 308 2161 sacili
331 2100 432 2161 dulces
456 2101 542 2162 editis
566 2120 617 2162 ore
642 2102 760 2162 modos.

55 2203 109 2251 443
126 2190 184 2250 Sed
208 2189 249 2249 nil
272 2192 328 2250 ista
351 2192 451 2250 iurant
464 2236 472 2269 ,
497 2192 564 2267 quia
587 2188 702 2268 linguae
727 2192 838 2250 crimen
862 2188 995 2269 habetis,

168 2277 261 2355 Dique
285 2286 390 2355 putant
413 2283 527 2336 mentes
551 2293 602 2336 vos
626 2279 740 2355 aperire
764 2295 849 2338 suas.

124 2366 184 2426 1133
209 2375 304 2426 tamen
329 2367 384 2426 hoo
408 2364 532 2425 lalsum:
564 2381 654 2442 nam,
678 2362 722 2422 dis
746 2372 779 2423 ut
801 2366 933 2442 proxima

671 2468 822 2531 quaeque,

169 2541 252 2602 Nunc
276 2545 364 2621 pinna
388 2558 494 2622 13133,
518 2558 597 2600 nunc
621 2539 696 2600 datis
719 2556 770 2598 313
794 2544 895 2598 33133.

125 2630 200 2690 Tota
224 2628 273 2689 diu
297 2629 449 2690 volucrum
473 2629 571 2709 proles
595 2637 658 2689 tum
682 2627 808 2705 denique
832 2644 916 2687 caesa
940 2634 1003 2708 331,

56 2731 110 2779 433
169 2717 369 2796 iuveruntque
393 2716 464 2778 deos
488 2717 594 2777 indicis
618 2725 683 2777 3113
707 2717 770 2775 sni.

125 2804 202 2882 Ergo
228 2822 314 2883 saepe
338 2823 391 2865 suo
415 2807 543 2865 coniunx
567 2805 691 2865 abducta
713 2805 819 2864 marito

169 2892 273 2952 Uritur
295 2891 392 2952 ldaliis
416 2892 479 2952 alba
503 2892 638 2953 columba
662 2894 751 2954 13313.

124 2980 185 3041 1133
209 2980 328 3040 defensa
351 2983 453 3041 iuvant
476 2981 616 3059 Capitolia
629 3028 638 3059 ,
662 2998 720 3059 quo
743 2982 841 3042 minus
866 2997 954 3041 anser

169 3067 225 3127 liet
248 3071 330 3129 iecur
353 3070 383 3129 in
407 3068 527 3148 lances,
551 3067 652 3127 lnachi
674 3062 774 3149 lauta',
798 3077 880 3129 tuas.

57 3155 217 3217 433113313
242 3156 312 3216 deae
336 3156 421 3217 Nocti
444 3152 740 3217 cristatus.caeditur
763 3155 841 3236 ales,

170 3244 255 3315 Quod
279 3244 410 3322 tepidum
434 3243 512 3322 vigili
535 3248 675 3321 provocet
698 3258 750 3300 ore
773 3241 868 3304 diem.

123 3332 241 3393 lnterea
264 3333 388 3412 delphin
411 3331 523 3391 clarum
547 3347 636 3407 super
659 3344 787 3406 aequora
811 3328 893 3390 sidus

169 3419 316 3501 Tollitur,
341 3427 371 3479 et
392 3421 496 3498 patriis
519 3419 614 3477 exerit
637 3432 688 3474 ora
712 3413 808 3474 vadis.

89 3619 172 3661 0v1n.
200 3621 243 3658 111.
850 3606 882 3658 ib
