2386 3892
90 207 132 272 58
512 205 685 257 rexsrruu

179 372 244 434 Non
267 371 326 432 uisi
348 370 460 430 vicinas
484 376 567 429 tutus
590 370 682 429 ararit
704 386 811 447 aquas.

179 461 276 520 Rarus
299 457 334 518 ab
358 456 440 519 ltaIIa
463 464 578 517 tantum
601 474 682 517 mare
706 459 803 517 navita
826 458 950 539 transit,

179 547 279 608 Litora
302 563 388 606 rarus
410 548 442 605 in
465 545 537 605 haec
550 544 707 623 ,portubus
730 544 803 604 orba
825 547 924 606 venit.

181 635 249 696 Sive
273 641 372 695 tamen
395 633 505 694 Graeca
529 634 651 712 scierit,
675 635 736 694 sive
759 631 808 693 ille
831 631 936 694 Latina

134 736 168 786 40
183 723 268 784 Voce·
282 721 386 801 loqui,
409 753 453 766 -
476 728 557 782 certe
581 723 692 799 gratior
715 720 804 781 huius
828 723 905 802 erit3

180 811 236 871 Fas
256 828 374 890 quoque
397 808 433 869 ab
453 827 504 869 ore
528 809 598 869 freti
615 808 778 887 longaeque
797 808 996 888 Propontidos
1014 810 1104 871 undis

181 899 245 959 Huc
269 898 397 977 aliquem
420 905 502 958 certo
526 896 589 956 vela
612 896 730 957 dedisse
754 903 825 957 noto
851 927 890 940 -

181 986 323 1064 Quisquis
346 987 372 1045 is
387 993 440 1053 ¹est
452 1031 462 1065 ,
485 986 610 1045 memori
633 1002 783 1046 rumorem
806 1002 878 1045 voce
901 986 1017 1047 referre

181 1073 219 1134 Et
242 1075 308 1134 tieri
330 1073 423 1133 lamae
447 1089 575 1152 parsque
598 1072 767 1151 gradusque
790 1079 907 1152 potest.

133 1175 166 1222 45
181 1162 233 1241 ls,
255 1179 384 1242 precor,
409 1161 524 1221 auditos
546 1163 642 1239 possit
664 1177 786 1221 narrare
809 1161 978 1242 triumphos

182 1249 314 1310 Caesaris
338 1257 368 1309 et
390 1248 472 1309 Latio
496 1249 611 1309 reddita
634 1257 701 1309 vota
724 1249 804 1328 lovi,

180 1337 304 1418 Teque,
328 1336 519 1416 rebellatrix,
543 1336 683 1417 tandem,
707 1336 885 1418 Germania,
908 1339 1009 1418 magni

69 1482 70 1485 ,
181 1425 278 1486 Triste
302 1433 391 1504 caput
413 1424 538 1504 pedibus
563 1421 755 1503 supposuisse
779 1425 881 1486 ducis.

181 1513 260 1574 Haec
283 1514 357 1573 mihi
380 1515 432 1592 qui
455 1513 587 1593 referet,
611 1530 686 1592 quac
708 1531 768 1574 non
792 1513 900 1574 vidisse
925 1513 1051 1595 dolebo,

134 1614 167 1662 50
182 1601 232 1661 Ille
256 1618 338 1660 meae
362 1601 462 1661 domui
485 1603 622 1679 protinus
645 1601 753 1681 hospes
777 1603 851 1662 erit.

182 1689 218 1748 Ei
236 1687 325 1748 mihil
357 1689 453 1748 iamne
473 1688 577 1749 domus
597 1689 735 1768 Scythico
754 1688 879 1750 Nasonis
898 1691 929 1751 in
949 1689 1028 1751 orbe'
1044 1698 1105 1771 est,

182 1776 302 1855 lamque
325 1792 413 1836 suum
435 1777 509 1836 mihi
531 1776 581 1837 dat
603 1795 658 1856 pro
681 1777 742 1838 lare
764 1795 859 1856 poena
882 1775 1010 1839 locum?

181 1863 217 1924 bi
239 1864 328 1925 tacite
340 1911 349 1945 ,
373 1871 406 1925 ut
429 1864 536 1926 Caesar
559 1882 618 1925 non
642 1864 690 1926 hic
712 1866 863 1944 penetrale
887 1865 1086 1948 domumque,

183 1951 352 2030 Hospitium
373 1969 486 2032 poenae
509 1953 561 2013 sed
584 1952 656 2013 velit
678 1970 744 2014 esse
767 1951 867 2015 meael

547 2146 644 2218 XIII.

182 2302 260 2365 Ecce
288 2321 489 2383 supervacuus
506 2337 544 2347 —
561 2304 632 2384 quid
656 2307 734 2366 enim
759 2305 815 2367 luit
837 2305 910 2366 utile
938 2302 1043 2387 gigni?
1061 2339 1097 2350 -

182 2391 225 2452 dd
250 2409 302 2452 sua
325 2390 435 2452 Natalis
458 2399 592 2471 tempora
615 2400 717 2454 noster
740 2393 839 2455 adest.

182 2479 284 2561 Dure,
308 2480 379 2558 quid
402 2480 438 2540 ad
461 2483 586 2541 miseros
609 2480 748 2541 veniebas
771 2481 866 2542 exulis
890 2478 1010 2543 annos?

182 2567 333 2629 Debueras
356 2567 415 2629 illis
437 2570 604 2648 inposuisse
627 2569 765 2629 modum.

152 2655 215 2715 oSi
238 2655 293 2716 tibi
316 2674 387 2716 cura
409 2658 469 2716 mei
481 2703 490 2737 ,
513 2657 559 2717 vel
583 2659 609 2716 si
630 2657 727 2735 pudor
750 2656 830 2717 ullus
853 2658 981 2738 inesset,

182 2741 247 2802 Non
270 2742 348 2803 ultra
370 2746 496 2822 patriam
519 2762 565 2804 me
589 2762 749 2823 sequerere
772 2762 885 2826 meam,

184 2829 308 2909 Quoque
331 2829 397 2891 loco
419 2833 549 2909 primum
567 2831 623 2893 tibi
646 2851 711 2893 sum
730 2833 805 2893 male
829 2836 965 2911 cognitus
987 2833 1099 2913 infans,

183 2917 235 2978 lllo
259 2925 433 2996 temptasses
457 2919 579 2980 ultimus
603 2938 667 2981 esse
692 2921 784 3002 mihi,

183 3006 275 3085 lnque
299 3003 516 3088 relInquendo,
540 3007 618 3086 quod
642 3009 720 3068 idem
743 3009 842 3069 iecere
865 3009 1000 3090 sodales,

136 3106 168 3155 10
183 3093 227 3155 Tu
252 3112 370 3173 quoque
394 3094 519 3155 dixisses
542 3098 637 3156 tristis
661 3099 692 3157 in
714 3096 794 3157 Urbe
817 3096 898 3157 vale.

184 3183 261 3253 Quid
285 3182 339 3243 tibi
363 3201 430 3243 cum
453 3181 578 3244 Ponto?
611 3201 683 3245 num
706 3192 735 3245 te
760 3202 878 3263 quoque
902 3184 1035 3246 Caesaris
1057 3185 1098 3244 ira

182 3270 350 3331 Extremam
374 3270 465 3349 gelidi
487 3273 568 3332 misit
590 3274 622 3332 in
646 3272 726 3333 orbis
750 3269 900 3338 humum?

184 3357 304 3418 Scilicet
327 3366 464 3437 expectas
488 3359 608 3420 solitum
630 3359 685 3420 tibi
708 3363 799 3421 moris
822 3361 980 3441 honorem,

183 3443 313 3504 Pendeat
336 3463 371 3505 ex
394 3449 506 3507 umeris
530 3449 622 3507 vestis
645 3456 679 3508 ut
702 3447 766 3508 alba
790 3451 881 3529 meis,

137 3543 169 3591 15
184 3530 307 3591 Fumida
330 3533 465 3610 clngatur
488 3534 663 3595 florentibus
689 3554 739 3597 ara
763 3538 899 3604 coronis.
