2386 3892
91 185 155 248 296
497 183 688 235 rasronuu

182 347 273 407 Terra
296 345 392 406 tribus
416 344 544 423 scopulis
568 353 681 405 vastum
704 347 855 424 procurrit
877 348 908 407 in
931 364 1041 426 aequor

113 448 164 495 420
225 435 396 514 Trinacris,
420 452 436 493 a
459 435 557 511 positu
581 450 688 493 nomen
711 433 816 511 adepta
839 433 914 515 loci,

179 521 267 582 Grata
290 522 394 580 domus
418 520 540 581 Cereri.
582 520 688 580 multas
712 539 745 580 ea
768 522 900 599 possidet
923 521 1032 604 urbes,

223 609 256 668 ln
280 608 387 687 quibus
411 616 456 668 est
479 607 558 668 culto
582 608 688 668 lertilis
711 607 814 669 Henna
838 609 917 672 solo.

179 697 295 774 Frigida
319 696 479 757 caelestum
501 704 611 756 matres
633 695 778 757 Arethusa
801 706 937 759 vocarat:

222 783 349 844 Venerat
371 784 407 844 ad
431 802 529 843 sacras
553 791 583 843 et
605 783 659 844 dea
681 783 753 844 flava
775 784 882 863 dapes.

113 885 164 934 425
179 872 273 953 Filia,
297 874 447 933 consuetis
471 879 504 931 ut
526 879 589 930 erat
612 873 748 932 comitata
771 871 895 953 puellis,

223 959 349 1020 Errabat
372 960 451 1019 nudo
474 977 528 1037 per
551 976 604 1019 sna
627 967 709 1036 prata
733 959 825 1037 pede.

178 1047 257 1107 Valle
281 1047 335 1106 sub
359 1046 498 1106 umbrosa
520 1045 603 1106 locus
626 1054 672 1106 est
695 1049 849 1126 aspergine
871 1046 966 1108 multa

226 1134 334 1194 Uvidus
358 1152 394 1194 ex
417 1134 475 1193 alto
498 1133 661 1194 desilientis
684 1152 793 1212 aquae.

179 1223 236 1282 Tot
258 1222 377 1282 fuerant
398 1222 480 1301 illio,
504 1229 576 1299 quot
598 1221 688 1282 habet
710 1231 836 1301 natura,
860 1223 990 1302 colores,

113 1324 165 1371 430
223 1310 364 1388 Pictaque
389 1309 523 1369 dissimili
545 1309 617 1369 flore
641 1310 753 1370 nitebat
776 1310 901 1372 humus.

180 1397 273 1468 Quam
297 1397 385 1458 simul
408 1399 542 1476 aspexit,
567 1392 728 1478 ‘comites,
751 1398 882 1458 accedite
897 1396 905 1457 1
913 1392 920 1421 ’
944 1397 1017 1457 dixit
1054 1403 1058 1412 ‘

225 1481 278 1545 ‘Et
301 1503 417 1545 mecum
439 1485 542 1563 plenos
564 1484 637 1544 flore
661 1485 770 1546 relerte
794 1479 911 1547 sinnsl'

180 1573 291 1633 Praeda
314 1572 462 1652 puellares
484 1574 597 1631 animos
619 1572 764 1650 prolectat
786 1575 898 1653 inanis,

223 1661 262 1721 Et
284 1679 344 1720 non
367 1662 494 1720 sentitur
518 1659 671 1720 sedulitate
694 1659 793 1720 labor.

114 1761 165 1810 435
180 1749 257 1807 llaec
281 1746 383 1826 implet
406 1747 484 1807 lento
509 1747 637 1807 calathos
661 1765 676 1807 e
700 1749 807 1808 vimine
831 1765 938 1826 nexos,
1013 1768 1021 1789 ·

225 1835 303 1894 Haeo
327 1836 493 1914 gremium,
517 1834 598 1894 laxos
621 1835 758 1913 degravat
780 1835 829 1895 illa
851 1836 951 1896 sinus.

181 1923 230 1983 llla
255 1923 325 2000 legit
347 1921 479 2001 calthaS‚
503 1922 573 1982 huic
596 1930 666 1983 sunt
687 1923 806 1983 violaria
828 1940 935 2002 curae,

224 2009 274 2068 llla
297 2027 475 2087 papavereas
499 2010 635 2070 subsecat
658 2029 756 2089 ungue
780 2028 896 2072 comas:

179 2097 261 2176 HaS,
284 2097 462 2176 hyacinthe,
485 2105 591 2178 tenes3
613 2098 699 2178 illas,
723 2105 894 2176 amarante,
916 2099 1056 2158 moraris:

113 2199 166 2247 440
224 2184 296 2244 Pars
319 2185 439 2263 thyma,
462 2203 531 2263 pars
554 2187 683 2264 casiam,
710 2203 780 2263 pars
807 2185 957 2246 meliloton
979 2191 1084 2245 amant.

179 2272 308 2333 Plurima
336 2272 411 2333 lecta
439 2290 506 2332 rosa
534 2280 601 2353 estq
629 2281 699 2332 sunt
726 2281 756 2332 et
778 2275 842 2333 sinc
865 2276 983 2335 nomine

724 2361 830 2421 ssores.

224 2451 289 2529 lpsa
313 2467 417 2509 crocos
441 2457 545 2508 tenues
568 2447 687 2526 liliaque
709 2447 774 2508 alba
796 2447 883 2527 legit.

181 2537 326 2617 Carpendi
350 2537 448 2596 studio
471 2534 609 2613 paulatim
632 2534 749 2613 longius
772 2537 850 2614 itur,

223 2626 261 2685 Et
284 2626 431 2685 dominam
455 2640 524 2683 casu
548 2621 627 2682 nulla
651 2632 751 2683 secuta
775 2640 891 2683 comes.

115 2725 165 2771 445
181 2711 262 2772 Hanc
285 2712 364 2772 videt
387 2719 416 2772 et
439 2714 530 2771 visam
552 2719 676 2789 patruus
699 2711 839 2771 velociter
862 2711 975 2790 aufert,

224 2799 383 2877 Regnaque
408 2800 552 2859 caeruleis
574 2801 605 2858 in
629 2816 681 2858 sua
704 2805 803 2877 portat
825 2800 927 2876 equis.

180 2887 230 2946 llla
254 2886 373 2965 quidem
397 2886 539 2946 clamabat
562 2882 606 2947 ‘io
619 2933 628 2966 ,
652 2889 801 2946 carissima
824 2894 936 2966 mater,

224 2975 351 3035 htrleror
366 2969 388 3033 l'
413 2975 476 3051 ipsa
499 2992 568 3034 suos
593 2974 815 3051 abscideratque
840 2975 941 3035 sinus:

180 3063 323 3124 Panditur
345 3063 459 3121 interea
482 3060 540 3121 Diti
563 3065 608 3121 via
621 3110 630 3141 ,
653 3079 778 3139 namque
802 3061 943 3122 diurnum

115 3163 166 3212 450
225 3151 338 3212 Lumen
361 3149 508 3209 inadsueti
531 3151 578 3208 vix
601 3152 754 3228 patiuntur
777 3150 862 3228 equi.

181 3239 218 3299 At
241 3240 350 3298 chorus
374 3238 525 3317 aequalis,
548 3237 712 3297 cumulatae
735 3235 808 3296 ssore
833 3237 1001 3316 ministrae,

226 3323 430 3404 ‘Persephone
445 3320 470 3406 ‚⁹
494 3324 619 3385 clamant
643 3319 693 3383 ‘ad
719 3330 768 3383 tua
791 3324 867 3384 dona
889 3318 989 3384 venil'

182 3412 218 3473 Ut
241 3414 362 3474 clamata
386 3413 474 3491 silet,
498 3421 612 3472 montes
635 3411 796 3471 ululatibus
818 3411 959 3493 implent,

225 3499 263 3560 Et
285 3502 396 3560 feriunt
418 3507 546 3560 maestae
569 3506 689 3577 pectora
713 3498 790 3558 nuda
814 3517 938 3560 manns.
