2408 3900
973 135 1065 196 XXIII

51 299 245 377 imperatoris
268 299 420 374 accipitur,
444 298 492 357 eui
513 299 546 357 in
563 317 651 358 curru
669 299 845 374 triumphali
864 301 978 377 effigies
997 320 1064 377 pro·

53 389 169 449 vinciae
188 388 301 447 affabre
318 387 401 447 facta
419 387 573 462 supposita
585 387 653 461 fuit,
671 387 756 447 velut
774 389 902 464 legimus
918 390 1006 449 Trist.
1022 390 1066 447 IV

53 480 146 537 1143
177 476 315 536 Crinibus
341 478 436 549 fertur
465 475 624 535 Gumouta
645 479 759 550 possis,
791 478 833 535 Et
859 479 941 538 ducis
967 481 1066 537 inuicti

51 568 108 627 sub
134 566 211 639 pede
240 569 351 624 moesta
382 565 467 630 sedet,
499 564 585 622 Pont.
613 563 644 621 Il
671 576 734 622 vm
763 566 817 639 39,
850 564 896 624 III
923 578 960 625 1v
995 569 1065 626 107.

52 656 121 730 ipsa
152 656 254 713 tamen
285 653 379 712 verba
410 651 449 709 ad
484 651 662 710 locutionem
693 651 854 728 figuratam
885 658 1065 730 competunt,

53 760 146 819 quam
173 740 320 816 praebent
346 740 431 799 Fasti
459 739 475 797 Ι
504 741 565 800 701
599 741 721 813 rettpetu
753 745 859 801 cuteuta
885 743 1067 816 Iampridem

52 835 147 891 oestro
166 832 220 889 sub
232 831 307 903 pede
326 830 399 888 bellu
417 831 518 902 meent,
543 829 615 903 645,
639 829 728 888 Trist.
743 828 791 886 III
804 841 856 888 ΧΠ
871 831 921 904 48,
945 829 989 888 IV
1004 833 1063 889 112

54 919 234 978 Caesaribus
262 916 423 976 Gumour'a
447 916 530 976 Victa
557 921 640 989 potes
670 919 743 988 flere
770 919 952 978 meurbutsse
976 937 1065 993 ymo,

52 1008 109 1067 ubi
131 1025 220 1082 quem
244 1004 405 1064 admodum
429 1004 578 1071 Cauaras,
603 1003 713 1065 Caesar
735 1010 860 1078 uterque,
884 1010 934 1080 qui
951 1009 1066 1066 iuuenes

54 1096 200 1156 Caesareo
227 1096 281 1154 sub
308 1096 423 1152 umuiue
446 1098 575 1152 creseuut
596 1096 817 1170 nuncupantur,
845 1095 937 1153 etiam
962 1094 1067 1155 Caesu-

55 1202 140 1243 reum
157 1183 263 1256 pedem
284 1181 478 1256 Interpretari
500 1182 596 1256 possis
619 1181 656 1239 de
679 1181 787 1240 mihtin
809 1182 941 1258 Augusti
965 1188 995 1242 et
1018 1184 1066 1242 Ti·

54 1272 145 1346 berii,
175 1271 250 1329 adeo
274 1268 455 1345 Germanici,
483 1269 534 1346 qui
564 1270 643 1328 bello
667 1269 835 1329 Pannonico
863 1271 941 1329 dona
964 1271 1067 1329 trium-

53 1360 157 1436 phalia
189 1358 309 1417 meruit.
364 1357 477 1416 Tiberii
508 1360 539 1416 et
567 1357 699 1433 Augusti
727 1359 817 1432 paulo
855 1361 924 1416 ante
960 1359 1065 1416 trium·

54 1450 150 1524 phum
172 1465 297 1520 aequm
318 1449 366 1504 ius
387 1449 420 1504 r'u
436 1448 597 1518 mutuatis
615 1448 835 1518 eruditiusque
853 1449 888 1505 ut
906 1450 993 1521 esset,
1018 1447 1066 1504 de·

54 1539 173 1600 cretum
195 1534 358 1594 secundum
377 1532 527 1593 Velleium
546 1532 576 1591 ΙΙ
598 1537 668 1592 121.
723 1533 767 1593 ita
789 1535 859 1608 Ipse
876 1534 926 1594 vix
943 1535 1066 1594 habebit

56 1626 136 1683 unde
166 1622 303 1698 pendeat.
358 1621 559 1696 triumphasse
591 1621 746 1681 Tiberium
777 1625 907 1698 constat,
940 1625 971 1682 et
999 1624 1066 1682 sub-

55 1713 155 1789 egisse
177 1710 299 1787 Illyrios
322 1711 453 1769 testatur
471 1710 603 1768 Velleius
621 1710 652 1768 II
672 1713 712 1769 39
733 1713 763 1769 et
785 1713 860 1770 123:
883 1711 1067 1786 triumphum

54 1802 93 1859 de
121 1799 158 1859 iis
181 1803 282 1858 actum
308 1816 455 1875 nusquam
481 1799 605 1873 reperio.
660 1798 754 1872 ipsius
783 1799 929 1874 triumphi
956 1799 1069 1858 recenti

54 1887 203 1948 memoria
225 1887 411 1961 auspicatum
435 1889 466 1944 et
489 1892 589 1960 aptum
605 1888 742 1959 precibus
760 1891 870 1960 tempus
888 1887 979 1945 fuisse
999 1905 1066 1945 con·

55 1979 235 2036 sentaneum
254 1978 313 2049 est,
338 1974 389 2032 sed
407 1993 482 2048 quae
498 1973 534 2032 de
549 1974 673 2032 devictis
687 1974 747 2032 illis
761 1974 901 2050 gentibus
920 1975 1067 2050 dicuntur,

54 2069 127 2124 acta
154 2066 241 2122 erant
267 2062 386 2121 biennio
414 2066 468 2121 aut
494 2062 621 2121 triennio
645 2063 727 2136 ante,
756 2065 858 2121 secuta
881 2066 947 2121 erat
969 2063 1068 2122 clades

57 2153 202 2226 Variana,
231 2150 335 2210 deinde
363 2149 510 2225 expeditio
535 2149 711 2209 Germanica
738 2150 874 2228 aliaeque
900 2169 949 2209 res
977 2170 995 2209 a
1018 2151 1067 2209 Ti·
1114 2191 1118 2196 -

56 2242 143 2300 berio
161 2243 274 2317 gestae.
329 2256 365 2297 ea
379 2239 404 2297 si
418 2242 731 2312 commemorarentur,
754 2239 925 2314 triumphus
940 2239 1068 2314 demum,

56 2329 109 2405 qui
133 2328 245 2386 dilatus
268 2327 368 2385 fuerat
391 2331 515 2401 propter
537 2345 637 2384 rerum
659 2326 845 2401 iniquitates,
875 2331 986 2402 quanto
1011 2332 1069 2386 ste-

55 2418 159 2491 tisset,
191 2415 323 2491 patebat.
377 2415 519 2490 poterant
545 2417 624 2473 certe
653 2417 776 2473 eatenus
803 2414 924 2490 attingi,
957 2418 991 2472 ut
1019 2416 1069 2473 Ti·

56 2506 134 2565 berii
158 2503 367 2564 convenienter
389 2520 517 2577 persona
534 2503 733 2576 induceretur,
756 2502 795 2559 ad
809 2520 898 2578 quam
911 2501 986 2560 illud
1000 2504 1070 2577 Ipse

55 2594 230 2653 referretur.
286 2591 311 2650 si
343 2590 599 2650 verecundabatur
629 2593 719 2664 poeta
750 2607 861 2664 ponere
893 2590 972 2666 quod
999 2591 1068 2650 Vel-

56 2682 135 2741 leius
160 2679 329 2746 edisseruit,
346 2680 547 2752 posseisdem
565 2680 617 2738 sub
642 2678 721 2738 Varo
745 2683 891 2752 anemium
909 2682 988 2739 ocius
1000 2699 1070 2754 pro-

55 2773 202 2846 sperrimo
224 2785 323 2828 rerum
342 2771 441 2826 meatu
464 2769 583 2827 aarum
606 2770 730 2826 mersum
754 2766 946 2826 Germanicus
969 2771 1070 2826 triurn-

50 2860 148 2933 pbum
169 2858 278 2916 summi
301 2857 382 2914 ducis
404 2857 549 2915 adunare
572 2857 713 2922 debuisse,
742 2855 842 2931 potuit
864 2855 908 2914 ita
932 2856 1069 2931 scribere,

55 2950 93 3006 ut
108 2947 265 3020 placidum
287 2942 362 3000 illud
381 2961 421 3010 os,
438 2945 568 3016 puufico
591 2945 702 3024 laurus,
725 2962 772 3002 vv.
797 2945 836 3002 81
864 2945 914 3018 82,
937 2943 991 3001 illa
1014 2944 1069 3002 Ioe-

55 3038 122 3095 ruia
145 3053 174 3094 v.
194 3035 236 3093 88
256 3031 508 3106 triumphantium
530 3031 568 3090 ad
586 3031 677 3091 istam
694 3032 770 3091 bene
784 3034 938 3108 gestorum
950 3034 1071 3105 praeter

55 3122 174 3183 bellum
196 3119 400 3179 Pannonicum
423 3138 569 3178 summam
591 3123 723 3195 spectare
737 3120 966 3194 intelligeretur.
1019 3121 1069 3180 sed

10 3242 18 3255 ·
55 3210 146 3270 nimis
172 3226 310 3285 operose,
334 3208 434 3283 credo,
458 3227 510 3268 sex
532 3208 685 3268 versieulis
709 3209 807 3266 Iocum
826 3206 972 3283 quaesivi,
996 3228 1070 3284 quos

10 3320 12 3325 ·
55 3299 156 3377 quivis
181 3315 267 3357 casus
290 3295 494 3371 undecumque
517 3296 653 3372 abripere
675 3295 781 3370 potuit.

146 3387 177 3444 A
205 3385 413 3460 supplemento
440 3385 493 3444 illo
521 3404 568 3444 vv.
592 3385 622 3443 H
650 3385 755 3442 11115
788 3385 827 3441 16
861 3383 900 3441 ad
927 3384 958 3442 ΙΙ
981 3398 1004 3443 ν
1028 3388 1068 3444 36

55 3475 195 3552 integrae
228 3473 356 3550 paginae
385 3476 499 3548 septem
532 3471 703 3547 decurrunt3
735 3489 790 3530 nec
820 3471 889 3530 inde
917 3472 955 3530 ad
982 3472 1070 3528 finem
