2386 3892
426 181 458 232 v.
477 192 511 232 v1
525 183 677 232 1-v1122
1008 180 1050 244 91

134 344 215 424 lsto,
239 341 319 422 quod
343 343 442 422 reris,
464 342 605 422 grandius
627 342 699 403 illud
723 345 797 403 erit.

135 431 228 501 Quam
252 429 343 491 multa
368 429 499 491 madidae
522 430 710 490 celebrantur
732 429 875 491 arundine
899 432 1012 513 fossae,

135 519 253 579 Florida
276 536 365 597 quam
383 518 490 578 multas
513 515 605 596 Hybla
628 526 730 578 tuetur
752 537 840 598 apes,

135 606 228 676 Onam
252 606 361 666 multae
384 606 486 684 gracili
508 614 625 666 terrena
649 605 704 666 sub
726 606 833 666 horrea
856 608 936 667 ferre

86 708 121 756 40
135 694 242 754 Limite
266 695 406 754 formicae
429 711 519 771 grana
541 702 659 772 reperta
683 693 796 773 solent,

135 784 208 842 Tam
232 800 278 842 me
302 784 495 842 circumstant
517 781 677 842 densorum
700 781 786 841 turba
808 781 970 843 malorum.

137 869 231 931 Crede
255 869 347 949 mihi,
371 887 441 930 vero
464 875 510 930 est
531 878 633 930 nostra
656 869 786 946 querella
808 872 922 930 minor.

136 958 189 1017 His
212 960 263 1035 qui
286 965 444 1017 contentus
467 975 527 1016 non
550 965 596 1016 est
608 1003 617 1036 ,
640 959 671 1015 in
694 956 765 1017 litus
780 957 922 1038 harenas,

136 1045 169 1105 ln
193 1052 324 1122 segetem
347 1047 465 1123 spicas,
488 1047 519 1104 in
541 1062 622 1104 mare
646 1043 749 1104 fundat
771 1063 878 1122 aquas.

87 1145 122 1194 45
136 1132 360 1211 Intempestivos
383 1134 473 1209 igitur
497 1149 651 1210 compesce
674 1139 824 1212 tumores,

136 1219 204 1280 Vela
227 1236 324 1298 neque
347 1222 378 1280 in
401 1219 497 1280 medio
521 1220 625 1280 desere
648 1229 750 1279 nostra
772 1217 863 1280 marii

510 1411 588 1483 VII.

137 1573 230 1644 Quam
253 1571 348 1650 legis,
372 1589 408 1631 er
431 1569 479 1630 illa
502 1568 555 1629 tibi
578 1570 658 1630 venit
681 1565 809 1647 epistula
827 1576 925 1646 terra,

135 1660 224 1720 Latus
249 1658 301 1720 ubi
323 1660 478 1736 aequoreis
501 1656 618 1717 additur
640 1654 741 1717 Hister
763 1658 865 1735 aquis.

137 1747 169 1807 Si
191 1746 245 1807 tibi
269 1748 414 1824 contingit
436 1764 504 1807 cum
528 1744 606 1805 dulci
629 1747 686 1805 rita
710 1744 822 1824 salute,

137 1833 264 1894 Candida
288 1834 423 1900 fortunae
446 1851 515 1911 pars
538 1841 636 1893 manet
659 1849 717 1892 una
739 1850 840 1892 meae.

107 1922 274 2003 cScilicet,
298 1930 332 1981 ut
350 1939 484 1999 semper,
508 1920 578 1999 quid
598 1937 698 2000 agam,
723 1920 892 1998 carissime,
915 1920 1051 1997 quaeris,

138 2010 275 2080 Quamvis
299 2008 355 2068 hoc
378 2008 424 2068 vel
447 2026 494 2068 me
518 2010 595 2068 scire
619 2015 734 2068 tacente
757 2014 860 2085 potes:

137 2096 209 2157 Sum
232 2099 345 2176 miser3
367 2096 440 2156 haec
463 2094 560 2156 brevis
588 2102 634 2156 est
656 2103 827 2156 nostrorum
854 2111 967 2154 summa

680 2182 842 2262 malorum,

138 2273 279 2350 Quisquis
302 2279 333 2333 et
355 2271 467 2331 offenso
491 2270 615 2330 Caesare
638 2271 729 2346 vivit,
752 2271 826 2329 erit.

137 2360 237 2420 Turba
260 2360 431 2420 Tomitanae
455 2375 531 2436 quae
554 2359 594 2416 sit
615 2358 744 2433 regionis
767 2363 798 2415 et
819 2357 898 2416 inter

92 2460 123 2507 10
139 2448 218 2518 Quos
241 2446 372 2507 habitem
394 2463 514 2523 mores,
538 2442 652 2504 discere
676 2459 747 2502 cura
769 2441 824 2501 tibi
847 2438 920 2501 est?

137 2537 226 2596 lllixta
250 2538 289 2594 sit
315 2534 388 2594 haec
416 2534 548 2612 quamvis
575 2531 653 2591 inter
676 2529 863 2605 Graecosque
886 2527 1052 2609 Getasque,

138 2623 161 2682 Α
185 2622 259 2682 male
283 2623 393 2701 pacatis
416 2620 483 2699 plus
505 2619 596 2680 trahit
618 2635 670 2678 ora
693 2615 792 2676 Getis.

139 2710 316 2770 Sarmaticae
341 2711 432 2769 maior
457 2706 634 2785 Geticaeque
657 2705 822 2782 frequentia
844 2705 941 2780 gentis

138 2797 195 2857 Per
217 2797 329 2856 medias
351 2799 382 2856 in
406 2797 491 2873 equis
513 2797 594 2873 itque
617 2795 753 2871 reditque
776 2793 853 2852 uias.

94 2883 172 2944 151n
195 2883 304 2962 quibus
327 2893 373 2944 est
395 2900 505 2961 nemo,
528 2884 662 2960 quinon
685 2889 807 2960 coryton
830 2887 861 2940 et
883 2897 985 2940 arcum

138 2972 267 3050 Telaque
291 2974 409 3051 vipereo
432 2969 528 3030 lurida
550 2967 617 3030 felle
639 2977 738 3047 gerat.

140 3057 201 3118 Vox
224 3060 308 3139 fera,
331 3069 400 3120 trux
422 3057 543 3135 vultus,
566 3058 717 3116 verissima
740 3054 841 3116 Martis
863 3056 977 3130 imago;

138 3146 203 3207 Non
226 3165 331 3228 coma,
354 3164 414 3207 non
437 3145 495 3205 ulla
517 3143 608 3204 barba
630 3151 744 3204 resecta
766 3159 872 3219 manu,

142 3234 267 3295 dextera
290 3252 348 3294 non
373 3235 471 3311 segnis
494 3233 551 3292 fixo
575 3231 644 3292 dare
668 3229 789 3290 vulnera
811 3227 925 3305 cultro,

92 3332 125 3380 20
141 3321 234 3391 Quem
257 3325 392 3382 iunctum
414 3320 499 3381 lateri
521 3318 664 3380 barbarus
687 3318 782 3376 omnis
804 3312 910 3374 habet.

140 3408 216 3469 Vivit
238 3411 269 3469 iu
292 3409 339 3469 his
361 3407 442 3486 heu!
467 3424 569 3486 nunc,
591 3407 724 3466 lusorum
747 3401 856 3462 oblitus
879 3419 1030 3482 amorum,

141 3494 202 3556 Hos
225 3497 327 3577 videt,
349 3496 403 3556 hos
426 3500 507 3555 vates
530 3492 633 3573 audit,
656 3493 770 3571 amice,
793 3487 880 3551 tuusl
