2386 3892
498 153 547 204 EX
564 151 685 204 Ponro

546 348 644 423 VIII.

178 494 288 555 Littera
313 511 377 553 sera
401 491 543 572 quidem,
566 491 673 553 studiis
696 490 812 552 exculte
835 490 939 571 Suilli,

222 581 287 642 Huc
309 589 360 642 tua
383 582 519 660 pervenit
531 627 540 659 ‚
563 579 616 640 sed
641 579 712 640 mibi
734 588 818 658 grata
840 587 958 662 tamen,

179 670 264 750 Qua,
288 671 336 747 pia
359 671 385 728 si
408 671 502 747 possit
526 684 651 745 superos
673 667 768 728 lenire
791 668 922 746 rogando

223 757 345 838 Gratia,
368 756 498 817 laturum
521 764 550 818 te
573 755 646 815 mihi
668 755 743 816 dicis
765 773 872 834 opem.

149 845 217 906 5Ut
239 849 296 905 iam
320 844 362 905 nil
385 852 541 924 praestes,
563 845 654 903 animi
677 861 744 904 sum
766 843 864 904 iactus
885 845 974 905 amici

222 933 367 1012 Debitor,
390 940 422 993 et
443 934 583 992 meritum
606 930 680 992 velle
703 934 804 992 iuvare
827 949 918 992 voco.

178 1022 308 1099 Impetus
331 1022 388 1081 iste
411 1028 482 1080 tuus
500 1018 621 1096 longum
641 1019 726 1079 modo
744 1019 833 1080 duret
851 1022 883 1079 in
906 1037 1024 1100 aevum,
1040 1035 1066 1081 ur

224 1108 302 1168 Neve
326 1107 410 1168 malis
434 1109 528 1185 pietas
552 1108 591 1167 sit
613 1115 663 1167 tua
687 1107 763 1167 lassa
786 1109 879 1169 meis.

181 1197 229 1257 lus
253 1195 370 1275 aliquod
394 1195 506 1255 iaciunt
530 1194 634 1256 adfinia
659 1194 775 1255 vincula
798 1194 902 1276 nobis,

133 1297 164 1345 10
224 1284 305 1354 Quae
327 1301 446 1362 semper
469 1292 607 1343 maneant
629 1282 825 1364 inlabefacta,
848 1302 973 1362 precor.

179 1372 252 1433 Nam
275 1371 329 1433 tibi
351 1389 428 1451 quae
450 1373 602 1452 coniunx,
626 1371 729 1431 eadem
751 1371 823 1431 mibi
847 1370 905 1432 iilia
929 1391 1031 1454 paene3

222 1460 260 1519 Et
284 1478 357 1538 quae
381 1467 411 1521 te
434 1476 600 1538 generum,
623 1477 670 1519 me
693 1467 778 1520 vocat
800 1459 849 1519 illa
872 1462 987 1523 virum.
1058 1485 1062 1492 ·

179 1547 214 1607 Ei
238 1548 331 1627 mibi,
355 1550 381 1608 si
404 1547 488 1608 lectis
512 1547 626 1608 vultum
649 1554 682 1607 tu
701 1546 842 1608 versibus
864 1551 931 1609 istis

224 1635 314 1695 Ducis
336 1643 367 1696 et
389 1635 515 1695 adfinem
537 1642 567 1695 te
590 1633 683 1713 pudet
706 1652 771 1695 esse
794 1636 912 1697 meuml

132 1733 164 1783 15
179 1722 216 1783 dt
238 1722 312 1782 nihil
334 1722 383 1782 iric
405 1722 528 1799 dignum
551 1725 663 1801 poteris
686 1725 818 1801 reperire
842 1724 956 1803 pudore

223 1809 346 1871 Praeter
368 1809 534 1889 fortunam,
557 1828 634 1888 quae
658 1810 730 1871 mibi
753 1829 839 1872 caeca
863 1812 937 1873 luit.

180 1897 239 1957 Seu
263 1914 356 1975 genus
377 1899 533 1972 excutias,
556 1900 672 1977 equites
695 1897 731 1958 ab
754 1901 869 1978 origine
892 1902 984 1979 prima

224 1984 322 2063 Usque
345 2003 398 2064 per
421 1986 595 2046 innumeros
614 1987 803 2047 'inveniemur
825 2004 913 2049 avos:

88 2065 91 2070 ’
180 2072 246 2132 Sive
271 2072 364 2153 velis,
388 2075 440 2150 qui
462 2075 522 2133 sint
544 2091 643 2134 mores
665 2076 818 2153 inquirere
840 2078 953 2157 matri,

131 2172 165 2221 20
224 2160 364 2220 Errorcm
388 2163 496 2220 misero
521 2160 664 2241 detrahe,
687 2161 753 2222 labe
776 2171 896 2224 carent.

180 2247 224 2309 Tu
248 2248 334 2308 modo
358 2248 456 2327 siquid
480 2251 526 2326 agi
549 2248 682 2327 sperabis
705 2267 794 2329 posse
816 2251 981 2331 precando,

223 2335 304 2406 Quos
327 2335 422 2414 colis,
445 2353 532 2397 exora
556 2336 689 2416 supplice
713 2354 784 2399 voce
808 2339 897 2400 deos.

179 2423 213 2484 lli
236 2423 290 2485 tibi
313 2427 372 2485 sint
394 2424 502 2485 Caesar
524 2427 663 2485 iuvenis.
703 2434 754 2487 tua
777 2427 898 2487 numida
919 2425 1015 2507 placa.

223 2511 282 2572 llac
305 2520 387 2572 certe
412 2512 490 2573 nulla
512 2521 560 2572 est
582 2515 752 2574 notiorara
775 2514 846 2575 tibi.

131 2612 163 2662 ‘tc
179 2600 243 2659 Non
267 2602 336 2660 sinit
359 2599 407 2660 illa
431 2603 477 2660 sui
500 2617 588 2659 vanas
612 2602 751 2662 antistitis
775 2618 916 2680 umquam

222 2687 295 2746 Esse
318 2704 444 2767 preces.
486 2690 597 2748 nostris
620 2688 689 2749 bino
712 2696 780 2768 pete
803 2688 895 2751 rebus
917 2708 1016 2769 opem.

178 2773 345 2842 Quamlibet
368 2778 472 2853 exigua
494 2778 520 2835 si
543 2794 598 2837 nos
621 2793 656 2836 ea
678 2779 787 2838 iuverit
809 2795 881 2839 aura
893 2824 902 2857 ,

223 2860 336 2920 Obruta
359 2862 395 2922 de
417 2862 524 2923 mediis
544 2863 652 2924 cumba
674 2874 812 2943 resurget
834 2868 936 2945 aquis.

179 2948 262 3008 Tunc
285 2966 339 3026 ego
363 2956 430 3010 tura
452 2951 544 3010 ieram
571 2953 682 3031 rapidis
705 2951 857 3013 sollemnia
880 2952 1066 3035 nemorique

131 3051 164 3097 30
223 3035 261 3096 Et
284 3035 398 3096 valeant
420 3046 562 3114 qnantum
587 3041 729 3120 numina,
752 3043 838 3100 testis
861 3059 930 3102 ero.

177 3125 238 3186 Nec
263 3124 317 3184 tibi
340 3125 376 3185 de
400 3124 485 3185 Pario
509 3135 656 3207 statuam,
679 3127 877 3211 Germanice,
900 3127 1036 3209 templum

221 3214 388 3273 Marmore.
429 3216 539 3292 carpsit
562 3233 633 3294 opes
655 3215 704 3276 illa
728 3218 814 3276 ruina
836 3234 934 3278 nuos.

178 3300 297 3378 Templa
319 3301 426 3362 donnus
449 3302 557 3363 facient
580 3302 663 3363 vobis
686 3302 836 3383 urbesque
858 3304 978 3366 beatae.

222 3388 298 3448 Naso
321 3392 383 3449 suis
407 3388 534 3470 opibus,
559 3392 688 3451 carmine
709 3399 813 3469 matus
836 3394 912 3454 erit.

130 3485 163 3534 aa
178 3474 269 3535 Parva
292 3476 412 3553 quidem
435 3477 529 3537 fateor
552 3495 606 3558 pro
629 3480 742 3556 magnis
766 3497 890 3541 munera
912 3479 1011 3559 reddi,
