2386 3892
440 191 461 244 1.
480 201 501 244 v
515 193 619 244 ‘tt—vr
631 132 675 244 ur.
991 190 1055 257 135

178 352 340 417 Scribere.
376 354 498 414 tractari
520 352 641 414 vulnera
664 360 766 415 nostra
788 356 911 418 timent.

138 441 350 520 Oualicumque
373 440 460 501 modo
484 440 556 502 mihi
579 443 639 502 sint
662 458 696 502 ea
718 443 794 504 facta
806 489 815 523 ,
839 461 943 524 rogare

178 529 308 591 Desine.
345 545 404 589 non
428 530 543 610 agites,
567 531 651 607 siqua
674 531 754 591 coire
777 530 868 593 veiis.

98 628 123 678 at
137 615 282 697 Quidquid
306 615 336 678 id
360 625 427 697 est,
450 624 484 677 ut
507 634 567 677 non
590 617 725 698 facinus,
750 620 792 680 sic
815 618 900 700 culpa
926 618 1054 681 vocanda

681 712 743 766 est.

178 791 282 855 Omnis
305 809 342 853 an
366 794 397 852 in
419 809 541 871 magnos
565 793 651 872 culpa
678 792 750 854 deos
774 794 870 855 scelus
894 791 965 857 est?

138 881 209 962 Spes
233 883 324 960 igitur
347 882 441 941 menti
463 898 597 960 poenae,
621 879 786 963 Graecine,
809 881 948 945 levandae

177 967 243 1030 Non
267 977 313 1030 cst
336 984 372 1028 er
395 976 457 1029 toto
480 967 560 1029 nulla
584 966 686 1030 relicta
710 986 808 1030 meae.

137 1055 214 1118 Haec
232 1057 304 1136 dea,
323 1074 391 1117 cum
411 1055 547 1135 tugerent
566 1056 723 1118 sceleratas
742 1058 863 1119 numina
881 1066 996 1140 terras,
1008 1073 1053 1123 (n)

97 1154 124 1206 30
178 1144 211 1205 ln
236 1145 281 1205 dis
305 1146 399 1205 invisa
422 1142 484 1205 sola
506 1147 649 1205 remansit
671 1145 778 1206 humo.

136 1231 213 1294 Haec
237 1233 328 1311 iacit,
352 1240 385 1294 ut
403 1234 480 1293 vivat
503 1231 600 1293 fossor
619 1250 737 1312 quoque
756 1233 898 1312 compede
917 1236 1052 1317 vimine,

177 1319 343 1398 Liberaque
367 1338 383 1380 a
407 1320 485 1381 terro
510 1338 598 1381 crura
620 1320 719 1381 sutura
742 1329 843 1399 portet.

136 1407 212 1469 Haec
235 1409 327 1487 iacit,
350 1415 384 1469 ut
397 1453 405 1487 ,
429 1406 526 1468 videat
549 1424 617 1468 cum
640 1415 735 1468 terras
758 1406 890 1486 undique
914 1408 1023 1492 nullas,

178 1495 343 1572 Naufragus
366 1498 397 1556 in
420 1495 527 1556 mediis
550 1494 669 1556 brachia
692 1498 781 1556 iactet
804 1497 905 1574 aquis.

89 1593 119 1645 35
133 1583 224 1662 Saepe
247 1582 374 1662 aliquem
397 1582 501 1644 sollers
524 1582 708 1644 medicorum
731 1600 803 1644 cura
826 1583 964 1665 reliquit,

178 1672 239 1733 Nec
262 1689 331 1750 spes
353 1670 423 1732 huic
446 1688 520 1732 vena
543 1670 698 1732 deficiente
723 1671 817 1734 cadit.

136 1759 259 1821 Caruere
283 1759 424 1820 dicuntur
447 1759 539 1820 clausi
563 1777 682 1838 sperare
706 1758 848 1841 salutem,

177 1848 273 1926 Atque
297 1846 403 1926 aliquis
426 1847 561 1926 pendens
583 1851 614 1908 in
637 1865 726 1909 cruce
749 1856 816 1909 vota
839 1847 926 1909 facit.

136 1934 212 1996 Haec
235 1935 289 1995 dea
313 1951 401 2013 quam
423 1933 533 1996 multos
557 1934 661 2015 laqueo
685 1953 738 1997 sua
762 1935 835 1997 colla
857 1936 976 2015 ligantis

91 2032 123 2084 4ο
178 2021 244 2083 Non
268 2031 314 2083 est
335 2024 488 2102 proposita
510 2041 594 2102 passa
618 2026 717 2102 perire
740 2021 830 2084 necei

136 2109 179 2171 Me
203 2128 322 2190 quoque
345 2118 501 2171 conantem
524 2111 618 2190 gladio
642 2112 727 2172 ilnim
752 2111 882 2173 dolorem

178 2198 305 2278 Arguit,
328 2200 436 2260 iniecta
460 2201 665 2278 continuitque
688 2216 795 2279 manu,

137 2281 294 2365 ‘Quid'que
319 2281 429 2347 iacis?
459 2285 587 2347 lacrimis
608 2303 683 2365 opus
706 2295 752 2347 est
764 2333 773 2367 ,
797 2303 856 2348 non
879 2282 1052 2367 sanguine,'

681 2372 754 2433 dixit

178 2456 284 2540 ‘Saepe
307 2478 362 2539 per
385 2460 438 2520 has
461 2459 541 2522 ssecti
564 2461 708 2539 principis
730 2462 774 2520 ira
798 2455 901 2520 solet?

95 2557 124 2608 ts
138 2547 274 2619 Quamvis
298 2556 344 2609 est
367 2549 458 2626 igitur
481 2550 596 2610 meritis
618 2546 749 2608 indebita
773 2548 900 2627 nostris,

178 2636 279 2716 Magna
303 2644 402 2697 tamen
426 2654 494 2715 spes
518 2638 616 2699 estin
639 2634 770 2696 bonitate
794 2634 858 2695 dei.

138 2722 252 2794 Quinc
276 2723 404 2785 difficilis
427 2724 499 2784 mihi
523 2728 562 2786 sit
574 2772 583 2805 ,
607 2723 771 2803 Graecine,
794 2741 934 2802 precare,

178 2811 287 2872 Confer
311 2820 341 2872 et
363 2814 393 2872 in
418 2820 518 2873 votum
541 2822 574 2874 tu
598 2830 715 2892 quoque
739 2811 827 2873 verba
851 2829 967 2876 meum.

136 2897 226 2978 inque
250 2899 404 2961 Tomitana
422 2902 533 2961 iaceam
555 2901 717 2962 tumulatus
739 2901 866 2983 harena,

96 2993 124 3045 50
180 2987 211 3048 Si
235 2996 264 3048 te
288 3006 348 3049 non
371 2985 456 3049 nobis
479 2991 535 3050 ista
557 3007 664 3051 vovere
687 2988 797 3069 liquet.

136 3073 207 3135 Nam
231 3078 315 3154 prius
337 3077 480 3154 incipient
503 3079 595 3139 turris
618 3080 710 3139 vitare
734 3076 905 3155 columbae,

179 3164 270 3224 Antra
294 3164 396 3244 serae,
417 3164 546 3242 pecudes
569 3169 720 3245 gramina,
743 3179 862 3240 mergus
886 3179 993 3241 aquas,
1007 3175 1051 3226 (²⁴)

138 3249 230 3321 Quam
254 3250 328 3312 maie
352 3269 384 3311 se
407 3261 539 3329 praestet
561 3255 654 3314 veteri
678 3250 840 3311 Graecinus
864 3251 975 3310 amico.

179 3338 244 3401 Non
266 3341 307 3400 ita
331 3347 400 3400 sunt
423 3338 490 3402 satis
514 3342 610 3401 omnia
633 3354 718 3398 versa
741 3333 832 3397 meis!
