2386 3892
142 162 205 227 170
464 113 468 119 ‘
547 164 597 216 EX
613 164 732 216 PONTO

275 328 405 389 Sollicito
429 346 538 388 vacuus
562 329 596 389 tit
618 328 701 389 iocus
724 328 772 389 ille
795 337 897 390 metu.

230 417 303 488 Quis
327 435 386 476 non
409 435 425 476 e
449 415 559 476 timidis
583 419 665 495 aegri
687 419 821 494 contagia
843 417 933 497 vitat,

274 504 409 565 Vicinum
432 513 568 564 metuens
592 523 629 565 ne
652 506 749 567 trahat
770 505 840 565 inde
864 500 1000 564 malum?

182 594 274 654 11Μ1
299 610 416 672 qnoque
440 595 602 653 amicorum
625 595 715 653 nimio
738 601 854 654 terrore
878 600 1039 676 metuque,

272 681 338 741 Non
361 681 427 740 odio
452 681 570 758 quidam
593 681 754 742 destituere
778 682 853 741 mei.

228 769 292 830 Non
315 769 374 829 iilis
397 771 491 847 pietas
504 815 513 848 ‚
541 787 599 829 non
623 770 754 830 officiosa
776 768 912 829 voluntas

273 857 394 918 Defuit:
427 856 565 917 adversos
589 859 753 918 extimuere
776 856 865 918 deos.
923 903 928 912 .

231 945 340 1023 [thue
365 947 455 1023 magis
479 947 558 1006 cauti
580 954 705 1024 possunt
724 945 877 1024 timidique
901 945 1013 1026 videri,

181 1046 215 1094 20
275 1032 323 1093 Sic
347 1033 488 1111 appellari
512 1051 571 1093 non
594 1052 731 1094 meruere
753 1031 853 1110 mali]

229 1122 287 1181 Ant
310 1139 394 1181 mens
417 1129 540 1182 excusat
563 1140 647 1182 caros
669 1125 710 1182 ita
733 1121 843 1182 candor
866 1122 996 1202 amicos,
1103 1133 1142 1183 (11)

215 1260 218 1266 .
275 1209 371 1288 thue
396 1209 523 1269 habeant
545 1209 582 1270 da
605 1227 652 1270 me
677 1212 798 1270 crimina
822 1209 926 1278 nulia,
949 1210 1043 1270 11111.

231 1298 296 1357 Sint
319 1298 350 1357 hi
373 1300 505 1358 contenti
527 1300 633 1378 venia,
657 1305 812 1377 sperentve
836 1296 954 1377 licebit,

273 1385 398 1465 Purgari
421 1387 531 1446 iactum
554 1403 601 1445 me
625 1404 743 1464 qnoque
766 1393 842 1447 teste
865 1403 971 1447 suum.

182 1486 215 1535 25
229 1473 301 1534 Pars
326 1476 398 1534 estis
421 1476 507 1552 pauci
530 1473 656 1554 melior,
680 1477 731 1551 qni
754 1473 845 1534 rebus
868 1475 899 1534 in
923 1475 996 1534 artis

274 1560 365 1622 Ferre
389 1562 460 1622 mihi
484 1561 594 1623 nullam
617 1568 704 1640 turpe
727 1563 853 1641 putastis
877 1579 982 1641 opem.

230 1648 313 1709 Tunc
336 1652 428 1727 igitur
450 1652 548 1709 meriti
572 1650 716 1710 morietur
739 1651 832 1728 gratia
855 1651 964 1730 111111,

274 1736 348 1797 Cum
371 1739 446 1797 cinis
469 1736 624 1817 absumpto
648 1755 773 1817 corpore
797 1737 893 1798 sactus
916 1755 987 1798 ero.

231 1821 356 1884 Fallor?
388 1832 418 1885 et
440 1824 488 1884 illa
512 1842 593 1886 11111
617 1824 769 1904 superabit
790 1832 925 1905 tempora
948 1827 1047 1907 ritae,

179 1925 213 1972 11
273 1913 304 1972 Si
324 1922 420 1972 tamen
444 1931 460 1972 a
483 1915 608 1974 memori
629 1916 802 1993 posteritate
826 1914 924 1992 legar.

231 2000 360 2078 Corpora
383 2000 529 2061 debentur
553 2004 671 2062 maestis
695 2003 853 2080 exsanguia
876 2001 991 2064 bustis:

275 2089 426 2166 Etiugiunt
449 2095 579 2149 structos
602 2108 710 2150 nomen
733 2089 888 2170 honorque
910 2108 1017 2169 rogos.

230 2176 346 2237 Occidit
369 2184 399 2237 et
421 2176 554 2238 Theseus
577 2185 608 2237 et
631 2180 682 2256 qui
704 2181 853 2238 comitavit
875 2176 1021 2239 Oresten:

276 2263 333 2324 Sed
358 2273 455 2325 tamen
478 2267 508 2324 in
532 2265 633 2326 laudes
656 2267 727 2326 vivit
749 2273 876 2346 uterque
899 2284 987 2328 suas.

183 2364 216 2413 35
231 2352 288 2413 Vos
312 2355 399 2413 etiam
423 2355 483 2413 seri
505 2353 666 2415 laudabunt
689 2372 776 2433 saepe
800 2362 941 2435 nepotes,

274 2441 416 2520 Claraque
440 2443 498 2502 erit
520 2444 639 2520 scriptis
662 2441 754 2520 gloria
778 2451 874 2504 restra
898 2444 990 2503 meis.

229 2530 283 2590 Hic
308 2549 425 2609 quoque
450 2530 639 2590 Sauromatae
662 2532 720 2590 iam
743 2548 795 2591 vos
817 2548 927 2591 111111
951 2529 1113 2611 Getaeque.

273 2617 311 2679 Et
333 2618 407 2678 tales
430 2621 543 2678 animos
566 2617 691 2678 barbara
713 2618 800 2679 turba
823 2617 945 2697 probat.

230 2705 361 2783 Cumque
386 2724 439 2783 ego
463 2706 500 2766 de
523 2714 620 2766 vestra
644 2725 739 2785 nuper
762 2706 908 2786 probitate
931 2708 1075 2768 referrem
1096 2736 1124 2746 -

181 2804 214 2852 41
274 2792 347 2852 Nam
370 2792 459 2853 didici
483 2793 584 2854 Getice
609 2794 828 2872 Sarmaticeque
851 2794 934 2873 loqui
951 2827 986 2837 —

229 2879 317 2940 Forte
342 2898 432 2939 senex
456 2881 596 2961 qnidam,
620 2891 706 2944 coetu
730 2900 799 2944 cum
822 2889 916 2943 staret
938 2883 970 2942 in
992 2880 1060 2962 illo,

274 2966 413 3027 Reddidit
435 2967 471 3027 ad
494 2977 613 3029 nostros
635 2970 704 3030 talia
728 2970 816 3031 rerba
839 2987 946 3032 sonos:

230 3051 305 3116 ‘Nos
329 3073 447 3135 quoque
471 3057 615 3117 amicitiae
639 3076 771 3138 nomen,
799 3057 876 3118 bone
889 3105 898 3138 ,
921 3060 1074 3139 novimus,

774 3145 901 3226 hospes,
1099 3153 1134 3208 111

273 3233 354 3304 Quos
377 3233 482 3312 procul
505 3251 521 3292 a
544 3232 626 3293 vobis
649 3232 762 3294 Pontus
785 3242 814 3295 et
837 3233 939 3294 Hister
961 3232 1067 3295 habet.

180 3331 214 3380 45
227 3320 282 3381 Est
303 3321 387 3381 locus
410 3323 441 3382 in
465 3320 605 3401 Scythia,
629 3320 742 3405 Tauros
766 3322 867 3383 dixere
889 3323 1030 3402 priores,

273 3408 331 3478 Qui
355 3409 455 3470 Getica
478 3409 564 3488 longe
588 3427 648 3469 non
671 3412 712 3470 ita
734 3408 824 3471 distat
845 3409 955 3472 humo.

229 3495 289 3555 Hac
314 3514 367 3574 ogo
391 3515 457 3557 sum
480 3506 560 3558 terra
580 3530 612 3539 -
631 3500 743 3576 patriae
767 3516 822 3558 111
845 3499 1025 3577 paenitet-
1042 3503 1133 3558 ortus:
