2386 3892
558 180 751 233 PASTORUM

565 378 807 458 manu·

243 522 366 584 Postera
388 521 439 583 lux
461 520 589 582 hiemem
612 517 710 581 medio
734 518 904 581 discrimine
927 519 1042 601 signat,

177 623 229 672 411
286 608 447 690 Aequaque
470 609 647 688 praeteritae
671 625 747 686 quae
770 605 944 690 superabit,
967 608 1042 669 erit.

412 745 463 812 11.
485 742 511 812 O
535 741 707 811 CAR·N³
754 745 805 809 12.
826 740 889 810 Dc

243 872 380 934 Proxima
402 872 566 953 prospiciet
586 870 714 932 Tithono
738 869 851 932 Aurora
874 869 979 932 relicto

288 960 429 1022 Arcadiae
453 977 570 1021 sacrum
593 957 761 1039 pontificale
784 959 872 1020 deae.

243 1047 285 1109 'l’e
310 1066 428 1128 quoque
451 1048 503 1108 lux
526 1046 650 1127 eadem,
672 1046 767 1107 Turni
790 1064 897 1124 soror,
919 1045 993 1106 aede
1016 1048 1145 1126 recepit,

288 1135 343 1196 His
366 1136 419 1197 ubi
441 1135 578 1213 Virginea
601 1134 728 1215 Campus
750 1134 851 1195 obitur
873 1151 967 1214 aqna.

178 1223 327 1284 41111111
351 1233 448 1303 petam
472 1241 575 1284 causas
598 1222 705 1283 horum
728 1240 900 1301 moremque
923 1240 1093 1302 sacrorum,

288 1311 401 1390 Diriget
422 1313 454 1373 in
476 1310 575 1372 medic
598 1313 665 1390 quis
688 1328 753 1371 mea
776 1309 840 1371 reia
862 1307 965 1371 ireto?

243 1400 309 1479 ipsa
332 1418 441 1481 mone,
464 1417 539 1480 qnae
562 1416 671 1459 nomen
693 1397 784 1458 habes
807 1416 824 1458 a
847 1400 977 1458 carmine
998 1397 1139 1476 ductum,

289 1487 504 1568 Propositoque
526 1488 613 1565 fare,
635 1504 672 1547 ne
696 1494 766 1547 tuus
789 1493 871 1547 erret
892 1485 1004 1548 honor.

245 1575 317 1636 Orta
341 1579 423 1654 prior
445 1575 514 1637 luna
534 1608 567 1618 -
586 1575 623 1635 de
646 1593 678 1635 se
702 1576 728 1635 si
750 1573 882 1635 creditur
904 1575 963 1652 ipsi
980 1604 1014 1616 -

179 1676 230 1725 411
289 1664 312 1723 Α
337 1681 440 1740 magno
464 1662 552 1724 telius
574 1662 687 1723 Arcade
710 1679 818 1722 nomen
841 1660 946 1722 habet.

244 1750 299 1811 Hic
322 1751 378 1810 init
401 1749 558 1831 Evander,
581 1752 632 1830 qui
655 1767 832 1830 quamquam
854 1748 952 1811 clarus
975 1758 1118 1831 utruque,

288 1837 421 1898 Nobilior
444 1855 545 1898 sacrae
568 1840 710 1916 sanguine
733 1839 837 1898 matris
859 1845 940 1899 erat.

245 1926 326 1997 Quae
350 1924 437 1986 simul
460 1925 607 1987 aetherios
631 1928 727 1986 animo
750 1932 928 2005 conceperat
948 1926 1051 2006 ignes,

290 2013 349 2074 Ore
372 2012 459 2073 dabat
481 2013 568 2091 pleno
592 2015 722 2074 carmina
744 2031 814 2075 vera
836 2014 901 2075 dei.

178 2111 230 2162 475
245 2100 365 2161 Dixerat
386 2101 459 2161 hacc
483 2109 550 2161 nato
575 2110 672 2162 motus
694 2103 806 2162 instare
829 2100 963 2182 sibique,

289 2187 437 2268 Multaque
461 2197 636 2270 praeterea3
658 2198 792 2268 tempore
814 2196 899 2250 nacta
921 2189 1027 2251 fidem.

245 2276 319 2337 Nam
341 2278 458 2338 iuvenis
480 2280 603 2338 nimium
626 2295 695 2338 vera
718 2295 786 2338 cum
809 2284 902 2338 matre
924 2279 1044 2356 fugatus

291 2364 407 2426 Deserit
429 2365 582 2427 Arcadiam
604 2365 852 2444 Parrhasiumque
874 2366 983 2428 larem.

246 2453 301 2514 Cui
323 2455 457 2532 genetrix
479 2454 562 2514 ilenti
585 2449 718 2513 ‘fortuna
742 2453 882 2514 viriiiter’
907 2455 1005 2533 inquit
1023 2485 1056 2495 -

180 2553 232 2603 480
291 2536 407 2622 ‘Siste,
430 2559 559 2622 precor,
582 2539 739 2601 lacrimasi
758 2573 791 2583 —-
810 2543 866 2601 ista
884 2541 1007 2601 ferenda
1025 2539 1078 2602 tibi
1097 2545 1152 2598 est.

246 2628 296 2690 Sic
319 2632 435 2691 eratin
458 2631 548 2691 satis:
581 2636 688 2690 necte
711 2636 762 2690 tua
784 2629 870 2708 carlpa
893 2629 1022 2710 fugarit,

290 2717 348 2777 Sed
372 2717 468 2779 deus:
499 2718 611 2778 offenso
634 2715 738 2797 pulsus
761 2735 794 2778 es
817 2716 891 2777 urhe
915 2716 989 2778 deo.

246 2805 310 2864 Non
334 2807 432 2865 meriti
455 2824 579 2884 poenam
601 2806 734 2886 pateris,
756 2804 808 2866 sed
831 2805 963 2865 numinis
984 2805 1076 2866 iram.

289 2891 343 2951 Est
366 2891 474 2970 aliquid
497 2895 610 2972 magnis
633 2896 747 2954 crimen
769 2891 873 2954 abesse
896 2891 998 2954 mabs.

180 2992 231 3042 485
246 2980 369 3042 Conscia
392 2998 475 3041 mens
499 2989 533 3042 ut
558 2983 665 3061 cuique
689 2989 833 3061 111111,
860 2982 901 3041 ita
928 2981 1057 3060 concipit
1083 2980 1151 3039 intra

290 3069 414 3130 Pectora
436 3087 491 3150 pro
515 3071 591 3130 11111
615 3088 757 3149 spemque
780 3075 953 3147 metumque
976 3086 1050 3130 suo.

246 3157 306 3217 Nec
330 3167 427 3218 tamen
451 3165 485 3218 ut
508 3161 621 3236 primus
645 3176 743 3218 maere
766 3157 840 3217 maia
863 3156 932 3217 talia
954 3173 1076 3236 passus:

290 3245 400 3310 Obruit
419 3248 554 3325 ingentes
576 3248 632 3306 ista
654 3244 783 3325 procella
806 3247 905 3306 viros.

245 3332 352 3394 Passus
374 3333 453 3395 idern
477 3340 523 3395 est
534 3381 543 3414 ‚
562 3333 659 3413 Tyriis
679 3336 729 3412 qni
748 3332 896 3412 quondam
918 3330 1025 3412 pulsus
1046 3329 1081 3391 ab
1099 3327 1149 3386 cris

181 3432 232 3481 491
291 3421 416 3482 Cadmus
439 3424 469 3482 in
494 3424 583 3482 Aonia
608 3423 741 3482 constitit
764 3419 832 3482 exul
855 3420 965 3481 humo:

246 3507 353 3568 Passus
377 3509 455 3569 idem
479 3509 596 3588 Tydeus
619 3517 649 3570 et
672 3508 749 3570 idem
772 3507 921 3586 Pagaseus
943 3507 1045 3586 lason,
