2386 3892
975 157 1104 214 mvn

90 331 212 403 partem
230 326 344 387 veteris
359 325 436 386 sacri
449 325 587 400 servavit,
605 324 633 381 V
647 326 720 399 428,
738 324 944 400 Februarium,
963 325 1002 384 ed
1015 345 1103 401 quem

91 418 194 474 totum
208 416 401 488 translatum,
425 414 577 489 eliquanto
591 413 692 488 plures
711 412 851 472 habuIsse
865 415 990 488 oportet.
1046 416 1103 475 nisi

92 503 173 564 forte
195 506 288 579 poeta
309 503 374 579 ipse
392 501 523 562 incertus
544 502 649 578 haesit,
672 503 707 560 ut
725 500 772 558 ΙΙΙ
792 504 863 575 792,
886 520 957 561 vere
976 502 1102 563 similius

92 595 195 652 totum
218 609 365 666 mensem,
393 590 498 649 diebus
524 590 650 649 forsitan
672 589 787 664 aliquot
809 590 951 665 exceptis,
979 590 1101 650 deorum

94 679 261 738 inferorum
283 674 424 754 religioni
441 679 572 753 cessisse,
595 678 650 736 hoc
665 681 719 752 est,
742 670 780 735 ad
799 677 981 737 Terminalia
997 697 1101 756 usque,

95 768 176 842 quod
198 767 232 825 Π
250 768 293 826 50
316 767 457 843 legimus,
482 768 527 826 Tc
549 784 657 840 meoque
678 782 840 833 sacrorum,
865 766 1010 834 Termine,
1033 770 1102 839 fim's

96 873 164 915 erae
191 857 224 914 et
250 855 323 913 olim
350 872 387 914 ex
409 855 579 930 Augustino
605 853 726 930 protuli
780 855 870 929 atque
894 853 941 912 hic
963 855 1037 913 mihi
1059 856 1101 914 vi-

96 944 186 1002 detur
207 945 258 1002 ille
280 944 341 1003 31133
364 944 436 1017 570,
460 942 520 1000 VII
538 941 586 1001 Kl'
606 942 703 1017 Mart,
725 944 793 1017 post
815 960 904 1018 quem
926 946 1042 1002 restant
1064 943 1101 1002 de

96 1049 199 1089 mense
227 1031 291 1090 dies
319 1031 455 1107 quinque.
509 1031 592 1105 nolo,
615 1030 706 1105 quod,
734 1047 801 1088 eum
823 1030 987 1090 bissextum
1010 1033 1100 1091 inter-

96 1120 222 1192 calatur,
245 1118 309 1178 dies
332 1135 384 1179 sex
406 1121 484 1193 suut,
506 1118 645 1178 facetiam
662 1121 768 1193 poetae
787 1118 944 1194 imputare,
967 1121 1052 1194 quasi
1069 1120 1100 1177 id

97 1207 134 1265 ed
151 1224 295 1266 versuum
314 1224 435 1265 suorum
452 1206 561 1282 pedum
580 1205 736 1265 discrimen
753 1207 913 1266 rettulerit.
968 1208 1019 1266 sed
1038 1227 1100 1267 ecr-

97 1297 178 1354 me‘mr
196 1297 269 1354 sunt
286 1294 372 1369 elegi,
395 1293 447 1368 qui
464 1312 573 1354 nomen
589 1295 701 1353 hebent
719 1294 757 1352 ab
776 1296 859 1368 elego,
881 1294 937 1353 hoc
956 1298 1010 1369 est,
1029 1314 1098 1370 pen·

97 1384 239 1441 temetro:
259 1381 393 1440 Diomed.
405 1401 434 1456 p.
450 1383 522 1456 503,
538 1382 580 1441 20
596 1384 743 1456 geminum
760 1398 878 1456 cereno,
895 1383 928 1440 id
945 1387 986 1440 est
999 1384 1098 1455 313933.

97 1468 141 1529 ite
166 1470 268 1547 graeci
294 1470 482 1545 grammatici
508 1473 588 1530 certe
615 1467 761 1540 ἐλεγεῖον
788 1468 824 1527 de
852 1469 979 1528 disticho
1006 1473 1037 1528 et
1063 1470 1099 1528 de

97 1560 298 1632 pentametro:
313 1576 366 1617 nec
380 1557 502 1617 dubium
516 1557 594 1633 apud
606 1556 730 1617 Oritiam
739 1557 776 1617 fr.
785 1569 825 1616 111
835 1560 864 1618 3.
917 1575 993 1632 quae
1007 1557 1100 1634 igitur

97 1664 240 1705 versuum
261 1664 401 1705 mensura
422 1647 543 1721 proprie
565 1646 695 1722 elegiaco
716 1645 848 1720 carmini,
870 1645 943 1704 haec
966 1649 1019 1705 est.

185 1727 268 1794 LIB.
290 1727 341 1792 III
358 1729 422 1794 229
446 1747 542 1811 mun,
565 1747 657 1807 ouen
674 1745 789 1793 remu.
842 1734 913 1793 libn‘
935 1734 1005 1792 boni
1027 1751 1100 1806 quae

95 1825 208 1898 primu,
236 1822 408 1897 interpolati
424 1825 603 1896 prioresque.
657 1824 732 1883 diem
748 1825 867 1896 privem
889 1822 1100 1880 Metronelium

98 1909 235 1985 intellegi
265 1910 359 1985 volui,
391 1928 451 1985 qua
481 1912 547 1970 tota
578 1911 659 1969 solae
689 1913 842 1969 matronae
873 1909 999 1968 feriatae
1032 1911 1100 1968 sint.

99 1996 161 2056 dies
181 1997 389 2057 Matrefiorum
403 1997 449 2056 III
466 1997 511 2058 ld.
529 1997 593 2057 Iun,
616 2001 824 2074 praeterquam
843 1997 947 2055 Met-ris
966 1997 1100 2056 Matutae

99 2086 191 2144 etiam
212 2085 363 2144 Fortunae
385 2085 476 2145 ferias
499 2086 640 2159 habebat,
662 2087 694 2143 in
715 2084 762 2143 his
780 2101 961 2160 quemquam
979 2089 1010 2143 et
1027 2085 1100 2159 ipsis

98 2176 252 2232 matronae
275 2172 318 2230 VI
342 2175 403 2234 621
428 2173 630 2247 nominantur,
653 2175 753 2231 tamen
775 2175 979 2230 matronarum
1002 2172 1100 2248 singu·

99 2259 170 2320 laris
195 2260 337 2336 dignatio,
360 2261 438 2336 quod
459 2279 566 2320 mamers
588 2263 635 2319 est
656 2259 684 2316 V
701 2261 763 2320 190
787 2258 830 2316 VI
845 2260 917 2334 210,
939 2264 1046 2319 neutro
1069 2261 1101 2317 in

98 2365 183 2406 sacro
210 2349 377 2408 denotetur.
431 2367 521 2408 versu
542 2347 675 2424 proximo
697 2349 765 2406 Hac
787 2349 856 2420 meta
878 2348 995 2422 scripsi,
1022 2348 1101 2422 quod

97 2435 130 2493 in
151 2435 237 2494 libris
261 2439 308 2495 est
329 2435 392 2496 Ami
413 2440 491 2510 qaia,
514 2436 546 2493 in
562 2433 720 2494 Ursiniano
743 2433 794 2492 Am
811 2438 889 2508 qma.
943 2436 1017 2507 411,
1036 2436 1099 2492 412

98 2523 201 2599 spuria
227 2525 371 2599 putabam
396 2524 432 2583 de
452 2542 486 2582 eo
508 2541 629 2600 genere,
657 2539 715 2597 quo
741 2521 915 2588 insolentior
938 2520 1038 2595 aliqua
1060 2521 1101 2579 lo-

98 2611 180 2670 cutio
204 2613 350 2687 expletur.
403 2630 504 2672 ramus
527 2611 638 2671 dictum
660 2610 719 2668 fuit
741 2612 776 2668 ut
798 2611 875 2669 rami
896 2609 966 2667 Met.
990 2608 1018 2666 V
1037 2612 1099 2670 299

96 2698 124 2756 X
148 2700 214 2758 510
232 2700 323 2776 Verg.
339 2699 413 2760 Aen.
432 2699 479 2758 HI
499 2700 569 2759 650.
626 2701 689 2758 573
713 2716 773 2757 uon
796 2699 865 2776 eget
887 2697 1101 2774 emendatione,

51 2818 57 2828 ·
95 2805 278 2862 quamquam
300 2787 485 2848 intellectum
502 2805 561 2846 non
579 2788 660 2870 puto.
715 2791 741 2847 et
756 2787 979 2863 transpositum,
1000 2791 1037 2846 ut
1054 2787 1102 2846 III

97 2876 116 2933 8
141 2880 169 2934 31
189 2878 266 2950 orroei
285 2878 412 2952 mermts,
430 2875 494 2934 1111
513 2877 575 2935 699
595 2875 638 2934 Et
658 2881 753 2936 tamem
775 2879 908 2959 33311313,
927 2876 955 2934 V
973 2876 1038 2935 400
1061 2876 1103 2933 Et

92 2964 183 3035 gemet
208 2961 337 3039 Alcides,
366 2963 456 3023 Trist.
480 2963 508 3021 V
530 2977 554 3022 x
579 2966 619 3021 27
643 2969 787 3024 ettamen
811 2967 898 3025 13133.
953 2968 1101 3028 recesset,

96 3050 160 3109 sine
184 3050 270 3127 signo
293 3052 365 3128 ullo,
388 3054 434 3110 est
457 3045 586 3112 ‘servare
609 3047 757 3127 debebet’,
780 3049 1101 3112 utTrist.IIle118.

186 3134 253 3198 664
274 3152 312 3198 nr
336 3151 434 3200 suom
456 3151 603 3200 vnemcs
627 3152 756 3200 nonme
774 3152 875 3200 nean.
929 3136 998 3193 libri
1020 3153 1099 3195 mm-

94 3229 132 3286 113
156 3231 227 3294 erat,
250 3231 355 3288 meretis
372 3230 439 3289 abit.
493 3245 572 3302 39333
589 3228 725 3288 absolute
744 3228 865 3301 dietum,
887 3241 946 3299 quo
964 3226 1102 3284 convenit

94 3314 175 3390 quod
198 3316 334 3390 sequitur
356 3334 476 3392 quoque,
503 3320 639 3391 tempora
660 3315 819 3374 verborum
841 3311 958 3373 ramata
980 3316 1015 3371 ut
1037 3313 1101 3372 IIII

95 3404 158 3462 696
181 3404 244 3462 697
261 3403 290 3459 V
305 3405 365 3464 131
388 3406 450 3464 132
469 3405 541 3463 Met.
558 3403 650 3461 XIIII
664 3403 728 3461 460
748 3403 821 3461 462.
932 3395 996 3460 693
1016 3415 1100 3461 AMA-

93 3502 231 3565 ronnn,
256 3503 345 3551 cnsn
368 3503 441 3552 usu.
495 3491 566 3549 libri
593 3494 749 3549 amatorem
776 3506 875 3567 carce,
908 3490 986 3566 quod
1008 3490 1101 3548 fuerit
