2386 3892
90 175 133 239 84
506 177 675 228 unionum

178 336 314 400 Videris!
347 340 411 418 ipse
434 356 569 419 sacram,
593 341 725 419 quamvis
747 341 883 420 invisus,
906 341 942 401 ad
966 360 1046 402 aram

178 427 372 505 Coniugiam:
395 426 488 487 nullas
512 435 677 488 summovet
699 445 749 487 ara
771 446 894 490 manus.

129 615 164 664 45
178 602 328 682 Adloquor
351 620 388 662 cn
408 601 514 662 absens
538 601 669 663 absentia
691 604 812 663 numina
835 602 978 685 supplex,

179 690 211 750 Si
233 691 277 750 las
300 697 347 751 est
368 689 480 750 homiui
504 708 572 751 oum
593 690 660 750 love
683 708 771 769 posse
793 689 892 769 loqui.

178 776 297 838 Arbiter
319 779 460 858 imperii,
483 796 542 856 quo
566 785 680 838 certum
704 786 749 838 est
772 780 883 857 sospito
906 788 1031 841 cunctos

177 866 324 926 Ausoniae
347 883 449 926 curam
471 867 569 943 gentis
591 864 700 926 babere
723 865 812 946 deos,

180 952 204 1013 0
228 953 319 1013 decus
332 998 341 1033 ,
364 971 381 1011 o
405 955 516 1031 patriae
539 970 593 1032 per
616 961 645 1013 te
669 953 802 1013 florentis
825 955 938 1034 imago,

131 1039 204 1101 500
227 1042 272 1101 vir
295 1057 354 1099 non
377 1041 466 1120 ipso,
488 1058 577 1118 quem
600 1042 702 1120 regis,
725 1039 797 1101 orbo
821 1043 918 1101 minor
940 1072 986 1086 -·

181 1127 230 1188 Sic
252 1125 368 1187 habites
390 1135 486 1187 terras
509 1136 539 1188 et
561 1135 591 1188 te
614 1127 764 1188 desideret
786 1128 907 1210 aether,

180 1215 230 1276 Sic
252 1214 288 1274 ad
311 1221 396 1294 pacta
418 1214 473 1275 tibi
496 1214 592 1275 sidera
615 1215 718 1277 tardus
741 1233 791 1276 eas
814 1248 857 1259 -

179 1303 294 1383 Parce,
316 1320 446 1383 precor,
469 1305 678 1381 minimamque
700 1312 752 1364 tuo
776 1302 813 1364 de
836 1302 959 1365 fulmine
981 1312 1065 1383 parte

180 1390 292 1452 Deme!
326 1393 396 1452 satis
419 1408 531 1470 poenae
555 1391 633 1469 quod
657 1389 830 1470 superabit,
853 1393 927 1452 orit.

132 1477 226 1539 55155
249 1478 368 1557 quidem
391 1477 542 1539 moderata
565 1486 614 1538 tua
638 1487 704 1559 est,
728 1481 875 1556 vitamque
899 1477 1024 1559 dedisti,

179 1566 241 1626 Nec
263 1565 337 1625 mihi
358 1568 405 1625 ius
428 1567 500 1626 civis
523 1583 578 1626 uec
602 1566 673 1626 mibi
696 1583 803 1626 nomeu
826 1566 927 1646 abest,

179 1653 240 1712 Neo
263 1670 329 1712 moa
347 1670 487 1712 concessa
510 1661 556 1713 551
578 1654 641 1713 51115
665 1654 804 1729 fortuna,
828 1671 883 1714 555
907 1655 976 1717 5551

181 1739 278 1800 Edicti
299 1739 398 1800 verbis
421 1742 557 1800 nominor
579 1743 643 1820 ipse
667 1743 727 1802 tui.

181 1826 344 1904 Omniaque
367 1826 439 1887 haec
462 1829 569 1908 timui,
592 1831 660 1906 quia
683 1846 730 1888 me
753 1830 898 1890 meruisse
922 1827 1065 1890 videbam:

134 1927 167 1976 50
183 1915 242 1975 Sed
264 1922 314 1974 tua
337 1922 460 1992 peccato
481 1915 576 1975 lenior
598 1918 643 1975 ira
665 1933 731 1976 meo
755 1924 808 1977 est.
917 1958 925 1971 .

181 2002 259 2062 rlrva
280 2001 442 2080 relegatum
464 2004 578 2063 iussisti
599 2005 695 2063 visere
718 2001 822 2083 Ponti,

181 2089 220 2150 Et
243 2089 412 2168 Scythicum
435 2089 559 2168 profuga
582 2089 717 2151 scindere
740 2109 839 2170 puppe
862 2091 990 2153 fretum.

181 2175 284 2237 lussus
306 2176 342 2236 ad
365 2175 473 2237 Euxini
496 2176 637 2238 deformia
659 2177 745 2238 litora
768 2181 835 2242 ¹veui

182 2264 327 2343 Aequoris
349 2295 385 2310 -
407 2263 479 2324 baec
502 2264 597 2343 gelido
620 2273 701 2325 terra
723 2266 779 2326 sub
803 2284 856 2326 axe
879 2268 957 2327 iacet
977 2298 1013 2308 -

135 2364 168 2413 55
182 2352 243 2412 Ν55
267 2369 314 2411 me
337 2360 396 2412 tam
419 2354 532 2413 cruciat
554 2370 715 2431 numquam
745 2356 808 2413 sine
832 2353 942 2432 frigore
966 2352 1065 2414 caeluu

183 2438 331 2518 Glebaque
356 2441 473 2500 canenti
496 2457 613 2518 semper
636 2439 741 2501 obusta
764 2440 849 2522 gelu,

182 2527 345 2605 Nesciaque
369 2535 415 2588 est
436 2529 516 2587 vocis
540 2527 618 2605 quod
642 2526 766 2587 barbara
788 2528 889 2606 lingua
912 2526 1049 2607 Latinae,

182 2614 350 2693 Graecaque
374 2614 453 2692 quod
476 2614 579 2675 Getico
602 2616 679 2675 victa
701 2614 828 2694 loquella
851 2632 924 2675 sono
949 2624 1012 2696 est,

183 2702 276 2771 Quam
300 2701 378 2780 quod
402 2703 526 2762 finitimo
549 2703 664 2762 cinctus
687 2720 807 2781 premor
830 2701 962 2781 undiquc
986 2702 1065 2762 Mart<

136 2800 169 2849 ao
184 2787 297 2866 Vixque
319 2787 418 2847 brevis
440 2796 521 2849 tutos
543 2807 647 2851 murus
670 2789 707 2849 ab
729 2790 814 2850 hoste
839 2790 925 2850 lacit.

183 2875 243 2935 Pax
266 2883 364 2934 tamen
387 2873 537 2935 interdum
560 2884 606 2936 551
618 2923 628 2957 ,
649 2879 731 2956 pacis
754 2877 860 2938 fiducia
883 2895 1058 2955 numquam.

185 2961 233 3022 Sic
256 2961 304 3022 bic
327 2979 407 3022 nuno
429 2964 563 3043 patitur,
586 2982 665 3025 utino
688 2967 774 3025 timet
796 2983 877 3025 arma
899 2965 1001 3026 locus.

183 3049 258 3110 llinc
282 3067 337 3128 ego
360 3049 430 3109 dum
454 3057 574 3130 muter,
597 3051 642 3112 vel
665 3070 712 3112 me
735 3052 876 3113 Zanclaea
899 3051 1057 3132 Charybdis

184 3136 312 3198 Devoret
334 3144 422 3216 atque
446 3139 509 3197 suis
532 3138 567 3198 ad
592 3138 680 3218 Styga
703 3142 799 3201 mittat
822 3142 922 3220 aquis,

136 3224 237 3287 15151
259 3225 377 3304 rapidae
401 3224 526 3285 llammis
550 3244 619 3286 urar
641 3229 788 3305 patienter
810 3230 840 3288 in
863 3228 993 3308 Aetnae,

184 3311 234 3372 Vel
258 3315 333 3374 freta
355 3311 495 3374 Leucadii
517 3315 618 3374 mittar
640 3316 671 3374 iu
694 3313 751 3376 alta
774 3315 841 3376 dei.

184 3398 268 3468 Quod
280 3402 413 3480 petimus,
428 3417 519 3480 poena
529 3409 586 3461 551.
605 3419 700 3479 neque
715 3405 792 3463 enim
806 3405 896 3463 miser
906 3422 971 3465 esse
985 3417 1063 3463 recus

185 3485 243 3545 Sed
266 3505 394 3569 precor,
418 3496 452 3549 ut
473 3491 584 3567 possim
607 3487 701 3550 tutius
725 3508 790 3551 esse
814 3492 922 3553 miser.
