2386 3892
143 167 169 221 X

144 336 210 393 cato
235 335 308 409 537,
332 336 385 392 aut
407 330 548 391 Tiberino
572 333 603 390 et
627 328 740 390 Glauco
759 329 957 406 Anthedonio,
981 329 1055 405 514,
1081 329 1150 405 556,

144 422 195 498 qui
218 421 266 480 dei
288 421 369 494 facti,
392 422 445 478 aut
467 419 625 478 mulierum
649 419 783 493 exempla
805 418 909 477 multa.

233 510 379 584 Pleraque
398 509 471 567 haec
494 507 663 583 antiquiora
685 509 755 565 sunt
778 506 906 582 scholiis,
929 523 1093 581 equorum
1109 505 1150 564 in·

146 597 234 672 eptiis
257 597 371 656 fraudis
393 596 538 655 latissime
561 596 621 655 iam
643 595 809 671 grassantis
832 594 918 670 qnasi
935 593 1070 654 recinere
1089 611 1152 654 can·

144 685 268 744 tilenam
299 685 386 745 facile
416 683 581 760 suspiceris.
636 684 686 742 vix
712 685 814 742 tamen
841 683 872 742 in
900 681 1041 742 carminis
1068 699 1151 758 para·

146 772 211 833 dosi
233 773 366 834 insaniae
388 773 483 847 illius,
511 789 570 848 qua
592 772 712 831 fabulae
734 771 888 848 finguntur
905 773 936 830 et
957 787 1065 830 versus
1087 786 1151 846 pro·

147 861 303 937 cuduntur,
326 861 454 937 vestigia
477 863 621 935 apparent
643 862 764 935 praeter
786 860 958 935 scripturas,
980 859 1068 918 velut
1091 860 1151 919 499

146 952 221 1025 539,
245 953 275 1009 et
297 951 425 1008 fortasse
447 948 567 1008 nomina
590 947 736 1024 quaedam
758 948 885 1007 fallaciis
907 947 968 1005 illis
987 946 1153 1006 adcommo-

147 1038 230 1097 data:
254 1038 332 1096 inter
354 1037 471 1096 fabulas
494 1036 696 1112 ignotissimas
711 1049 784 1096 xxx
806 1036 889 1095 nulla
912 1037 967 1110 est,
991 1053 1070 1110 5555
1095 1035 1151 1094 515·

147 1126 273 1186 cutionis
288 1125 424 1185 barbarie
435 1125 559 1200 laboret,
575 1138 755 1201 quamquam
769 1126 832 1184 461
849 1128 880 1183 55
894 1124 957 1183 475
970 1121 1153 1183 Schradcrns

148 1215 365 1290 proscribebat3
393 1214 418 1273 si
445 1213 481 1272 de
506 1209 589 1273 Terei
611 1215 675 1272 434
699 1216 730 1272 55
752 1209 887 1272 Prdtcam
910 1213 972 1272 517
1003 1212 1153 1289 suspican-

148 1303 218 1362 dum
246 1303 298 1379 sit,
330 1322 389 1363 non
422 1304 491 1361 sunt
522 1305 602 1361 certe
634 1301 754 1361 fabulae
786 1300 916 1361 fictitiae.
973 1299 1155 1360 scholiorum

149 1395 279 1452 aetatem
301 1391 438 1468 Ellisius,
462 1390 686 1450 strenuissimus
708 1389 926 1448 inaccessorum
947 1389 1154 1466 investigator,

146 1479 292 1539 indicavit
327 1480 479 1538 saeculum
515 1479 664 1554 quintum,
705 1478 789 1536 cuius
825 1477 952 1551 exempli
987 1475 1156 1554 Vergilium

148 1567 376 1642 grammaticum
398 1584 452 1640 per
480 1565 514 1624 A.
538 1565 650 1623 Maium
673 1565 825 1641 cognitum
851 1565 1006 1624 habemus.
1060 1584 1155 1642 neque

149 1654 230 1712 aliud
248 1654 366 1713 invenio
384 1656 512 1728 tempus,
536 1671 592 1730 quo
611 1653 711 1728 potius
731 1657 962 1712 consentaneum
981 1653 1022 1712 sit
1034 1659 1156 1730 gestum

150 1760 229 1818 esse,
260 1742 338 1817 quod
368 1758 458 1816 supra
484 1740 663 1818 indicabam,
695 1744 730 1801 ut
759 1742 910 1818 exemplar
936 1759 1029 1801 unum
1058 1741 1156 1803 Ovidii

150 1830 319 1905 haberetur,
342 1829 402 1887 situ
426 1829 572 1902 affectum,
599 1829 678 1906 quod
701 1847 768 1889 cum
790 1848 828 1888 ex
849 1829 916 1888 aliis
940 1830 1077 1905 suppleri
1099 1849 1157 1890 non

148 1918 293 1993 potuerit,
320 1934 415 1977 novae
441 1917 679 1993 interpolationis
702 1935 822 1978 causam
845 1916 976 1993 dederit,
1004 1920 1071 1977 turn
1095 1919 1156 1995 qui·

150 2005 218 2064 dem
244 2005 425 2081 ineruditae,
453 2008 487 2063 ut
515 2009 597 2064 aetas
622 2009 698 2082 erat,
727 2007 779 2064 sed
805 2006 895 2081 paulo
919 2005 1105 2082 elegantiore
1127 2010 1157 2066 et

149 2094 245 2168 poetis
277 2093 353 2153 sexti
383 2094 434 2153 rel
466 2094 584 2168 septimi
614 2094 725 2154 saeculi
756 2093 847 2170 digna
878 2093 1025 2169 insecuta,
1058 2099 1096 2154 55
1123 2112 1158 2155 55

149 2185 272 2257 propter
295 2201 313 2240 a
335 2182 439 2258 quinto
463 2184 598 2256 coeptam
622 2186 760 2241 statuam.

239 2270 320 2340 Quae
348 2270 442 2348 igitur
469 2272 537 2328 ante
561 2288 634 2330 saec.
659 2290 679 2331 v
706 2269 737 2328 in
759 2269 843 2329 Ibide
870 2270 1053 2346 interpolata
1078 2273 1156 2340 sunt,

152 2375 187 2417 eo
209 2359 274 2418 loco
298 2358 400 2418 licebit
417 2358 592 2434 habeantur,
615 2378 675 2434 555
693 2357 859 2417 vetustiora
876 2357 1158 2435 Metamorphoseon

150 2448 365 2522 supplementa.
418 2449 544 2525 utraque
576 2465 595 2505 a
625 2445 760 2523 genuinis
788 2446 861 2506 satis
889 2464 978 2522 aegre
1005 2447 1157 2507 interdum

150 2534 364 2611 discernuntur,
382 2534 470 2611 idque
484 2534 641 2610 praecipue
655 2535 687 2592 in
700 2534 791 2594 Ibide.
845 2533 876 2592 in
894 2535 1047 2594 Metamm.
1068 2555 1156 2613 quae·

152 2621 221 2680 dam
239 2624 377 2682 cancellis
395 2624 494 2683 notari
511 2625 652 2696 poterant
670 2622 707 2682 ad
725 2622 896 2682 indicandos
914 2625 1067 2701 terminos,
1088 2626 1158 2685 arti-

151 2709 209 2768 ficii
231 2727 325 2786 genus
349 2713 380 2769 et
404 2710 549 2786 originem
571 2709 818 2786 interpolationis,
846 2714 899 2771 aut
921 2711 1067 2787 pristinae
1093 2731 1155 2773 ora·

149 2797 239 2856 tionis
258 2797 509 2858 continuationem
533 2800 565 2857 55
578 2801 721 2858 'tenorem
740 2798 917 2859 sistendum:
940 2799 972 2859 in
989 2800 1076 2860 Ibide
1096 2802 1157 2862 eius

150 2885 231 2943 modi
252 2884 328 2944 nihil
349 2905 442 2961 prope
465 2888 519 2961 est,
542 2885 621 2961 quod
644 2886 717 2946 satis
739 2906 793 2963 per
820 2905 852 2947 se
875 2889 992 2964 pateat3
1022 2888 1158 2950 distichis

151 2973 250 3033 omnia
273 2973 460 3034 definiuntur.
513 2974 565 3032 sed
587 2974 739 3034 commode
762 2976 1084 3052 aMetamorphosibus
1098 2977 1159 3038 Ibi·

151 3062 195 3121 dis
222 3061 415 3122 Ponticorum
440 3061 599 3122 Fastorum
631 3062 762 3123 condicio
791 3063 823 3123 in
851 3064 906 3123 hoc
934 3064 1045 3140 differt,
1080 3065 1160 3143 quod

151 3169 225 3226 quae
252 3150 285 3210 in
310 3151 357 3211 his
384 3153 453 3226 post
476 3151 626 3210 saeculum
649 3151 786 3227 quintum
809 3152 932 3213 accessit
954 3153 1161 3232 interpolatio,

151 3255 169 3295 a
190 3238 354 3299 vetustiore
376 3238 421 3298 ita
444 3241 635 3317 segregatur,
658 3243 692 3298 55
713 3239 788 3299 haec
811 3243 891 3300 certe
909 3259 993 3316 pars,
1015 3259 1078 3302 non
1097 3244 1161 3319 opi·

151 3325 248 3385 nionis
262 3326 365 3407 aliquo
375 3325 509 3402 arbitrio,
524 3326 576 3386 sed
590 3327 735 3386 librorum
748 3331 802 3387 555
815 3328 985 3388 testimonio
1000 3332 1054 3389 aut
1064 3331 1160 3390 admi·

150 3413 260 3490 niculo,
289 3415 425 3475 cancellis
452 3415 589 3493 insigniri
612 3415 754 3491 potuerit.
808 3416 838 3476 id
860 3417 1007 3492 quomodo
1031 3418 1163 3495 simplici

151 3519 210 3560 una
224 3504 256 3561 et
269 3520 305 3561 ex
317 3504 476 3579 propatulo
487 3503 693 3564 observatione
708 3504 844 3564 effectum
856 3505 903 3581 sit,
917 3523 995 3566 nunc
1003 3525 1161 3583 exponam.
