2386 3892
151 191 214 256 tio
562 191 612 241 nx
629 190 748 242 rouro

283 357 326 418 Ad
350 356 493 417 medicam
518 353 625 415 dubius
648 355 782 433 confugit
804 356 892 433 aeger
916 373 1022 434 opem.

238 445 303 505 Nou
327 464 402 524 opus
426 453 471 504 est
494 445 607 521 magnis
630 441 744 521 placido
768 442 879 503 lectore
902 445 1017 524 poetis3

193 546 225 595 10
285 532 451 604 Quamlibet
474 534 597 592 invitum
622 529 831 608 difficilemque
853 537 977 591 teuent.

238 620 320 700 Nos,
345 620 452 699 quibus
475 621 627 697 ingenium
649 617 729 696 longi
751 620 887 678 minuere
911 617 1030 680 labores
1038 666 1047 701 ‚

283 709 341 768 Aut
365 711 452 769 etiam
476 707 590 768 nullum
614 707 737 766 forsitan
761 713 828 766 ante
852 707 926 786 luit,

241 795 358 857 Viribus
381 797 514 876 infirmi,
536 803 635 855 restro
659 794 786 854 candore
810 795 959 856 valemus:

285 885 378 955 Quem
402 884 475 944 mibi
498 887 523 943 si
546 883 668 964 demas,
691 885 788 942 omnia
811 891 895 963 rapta
918 892 1037 963 putem.

194 988 224 1036 15
240 973 412 1051 Cunctaque
436 990 504 1032 cum
526 989 591 1031 mea
614 974 673 1032 sint
695 989 843 1050 propenso
866 974 936 1032 nixa
959 973 1074 1053 farore,
1097 1035 1099 1038 ,

284 1060 479 1139 Praecipuum
503 1062 604 1119 veniae
626 1061 674 1119 ius
697 1058 785 1120 babet
807 1059 856 1120 ille
879 1059 977 1122 liber.

242 1149 413 1229 Spectatum
437 1156 516 1207 vates
540 1147 588 1206 alii
612 1150 759 1226 scripsere
781 1147 986 1227 triumphum.

285 1237 338 1296 Est
361 1236 470 1315 aliquid
494 1238 618 1295 memori
642 1238 702 1296 visa
725 1243 828 1296 notare
852 1254 959 1298 manu.

239 1326 299 1386 Nos
322 1344 356 1386 ea
381 1327 427 1384 vix
451 1325 562 1385 avidam
587 1323 673 1402 vulgo
696 1333 810 1402 captata
833 1342 888 1403 per
911 1343 1014 1386 aurem

194 1427 227 1476 20
287 1413 490 1493 scripsimus,
513 1421 601 1490 atquo
625 1411 702 1472 oculi
725 1414 800 1472 fama
824 1413 908 1472 luere
931 1416 1008 1474 mei.

242 1503 361 1562 Scilicet
384 1503 505 1562 allectus
530 1500 640 1560 similes
653 1548 662 1581 ‚
686 1509 737 1561 aut
758 1503 887 1580 impetus
911 1501 991 1563 idom

286 1589 386 1649 Rebus
409 1589 445 1649 ab
471 1588 579 1649 auditis
603 1590 830 1666 conspicuisque
854 1585 961 1650 venit?

241 1677 302 1738 Nec
325 1680 404 1737 nitor
428 1679 563 1756 argenti,
587 1695 675 1755 quem
698 1695 749 1736 vos
773 1676 909 1756 vidistis,
932 1685 965 1739 et
987 1679 1052 1738 auri
1111 1690 1149 1742 llll

286 1764 370 1836 Quod
394 1764 465 1823 mihi
489 1764 617 1825 deluerit
630 1811 639 1844 ,
662 1783 854 1843 purpuraque
876 1764 948 1844 illa,
972 1783 1098 1844 queror:

194 1865 226 1913 25
243 1852 300 1913 Sed
323 1852 386 1912 loca
399 1897 408 1930 ,
433 1852 483 1912 sed
507 1861 610 1930 gentes
634 1854 775 1913 formatae
799 1852 876 1912 mille
900 1853 1004 1932 liguris

286 1941 457 2000 Nutrissont
480 1957 598 2001 carmen
621 1941 791 2018 proeliaque
814 1943 878 2019 ipsa
900 1959 1020 2022 meum,

242 2028 280 2088 Et
302 2046 406 2106 regum
429 2028 528 2087 vultus
541 2075 550 2108 ‚
575 2031 738 2105 certissima
761 2031 885 2107 pignora
908 2033 1035 2111 mentis,

286 2116 433 2176 luvissent
455 2115 551 2193 aliqua
575 2117 697 2177 forsitan
721 2116 793 2177 illud
816 2134 910 2194 opus.

242 2203 396 2264 Plausibus
420 2221 455 2263 cx
477 2205 550 2282 ipsis
573 2203 675 2283 populi
697 2204 832 2283 laetoque
855 2205 954 2266 lavore

195 2306 228 2353 30
287 2292 441 2370 Ingenium
465 2291 588 2369 quodvis
611 2292 768 2352 incaluisse
790 2300 906 2371 potest.

242 2378 373 2458 Tamque
401 2397 455 2458 ego
483 2381 677 2457 sumpsissem
705 2379 756 2440 tali
778 2380 906 2441 clamore
930 2382 1076 2462 vigorem,

288 2469 381 2539 Quam
404 2469 486 2529 rudis
511 2468 609 2528 audita
633 2468 717 2528 miles
740 2468 776 2528 ad
800 2486 881 2529 arma
902 2468 993 2531 tuba.

241 2556 365 2617 Pectora
388 2559 448 2616 sint
471 2554 556 2615 nobis
580 2555 696 2616 nivibus
719 2556 871 2635 glacieque
894 2556 997 2618 licebit

287 2646 382 2722 Atque
405 2645 483 2725 hoc,
507 2662 594 2721 quem
618 2646 735 2725 patior,
759 2645 912 2723 frigidiora
934 2645 1017 2708 loco:

191 2743 223 2790 35
238 2730 287 2790 llla
312 2732 395 2791 ducis
419 2734 509 2792 iacies
532 2734 562 2790 iu
587 2750 677 2792 curru
703 2736 807 2793 stantis
832 2732 947 2793 eburno

286 2818 448 2880 Excuteret
471 2820 564 2896 frigus
588 2819 725 2880 sensibus
748 2839 835 2880 omne
859 2823 951 2882 meis.

243 2905 295 2965 llis
319 2924 372 2984 ego
387 2906 553 2986 delectus,
576 2907 732 2986 dubiisque
757 2909 928 2969 auctoribus
951 2927 1024 2971 usus
1031 2955 1040 2990 ‚

286 2994 329 3052 Ad
354 2996 443 3053 vestri
467 2996 551 3054 venio
574 2997 640 3056 iure
664 2997 771 3056 favoris
794 3014 898 3074 opem.

243 3082 303 3143 Nec
327 3081 398 3141 milri
421 3091 489 3142 nota
513 3082 644 3164 ducum,
667 3103 723 3144 nec
746 3093 816 3145 suut
839 3085 912 3146 mihi
934 3094 1003 3147 uota
1026 3085 1139 3145 locorum

195 3183 229 3231 40
287 3170 431 3231 Nomina.
474 3173 627 3231 materiam
650 3191 709 3232 non
732 3171 863 3233 habuere
886 3191 1009 3235 manus.

243 3259 314 3319 Pars
339 3268 428 3337 quota
451 3259 488 3319 de
512 3262 601 3320 tantis
624 3259 737 3339 rebus,
761 3279 848 3339 quam
872 3261 949 3322 lama
971 3263 1094 3339 referre,

287 3347 345 3406 Aut
368 3348 473 3425 aliquis
497 3347 582 3408 nobis
606 3348 738 3409 scribere
761 3357 883 3430 posset,
907 3346 998 3411 erat?
1048 3387 1050 3392 ·

245 3432 308 3502 Quo
332 3437 446 3515 magis,
470 3437 626 3515 elector,
650 3435 740 3497 debes
763 3440 941 3520 ignoscere,
964 3436 1059 3517 siquid

287 3520 426 3581 Erratum
449 3523 577 3584 estillic
599 3527 827 3603 praeteritumve
851 3525 941 3587 mihi.
