2386 3892
148 179 212 242 248
554 178 746 231 FASTORUM

280 343 318 404 Et
340 345 436 422 gravis
460 343 561 403 effusis
584 341 694 402 decidit
714 340 811 402 imber
834 343 938 420 aquis.

170 443 220 492 455
236 431 311 491 Hinc
335 440 437 511 tonat,
468 431 537 490 hinc
561 432 659 490 missis
682 429 867 508 abrumpitur
890 427 1010 506 ignibus
1033 431 1142 492 aether.

281 518 327 579 Fit
350 519 435 598 fuga,
459 536 510 579 rex
534 520 637 597 patriis
660 525 738 578 astra
760 515 879 596 petebat
903 519 1006 596 equis.

236 606 347 668 Luctus
371 614 455 686 erat,
479 605 626 684 falsaeque
649 607 802 684 patrosin
826 606 949 665 crimine
973 606 1087 667 caedis:

279 694 488 772 Haesissetque
512 695 616 753 animis
639 693 761 753 forsitan
785 692 833 752 illa
857 692 947 754 fides:

238 783 294 842 Sed
318 781 464 842 Proculus
486 781 586 859 Longa
608 781 743 841 veniebat
765 778 857 841 lulius
879 779 970 861 Alba,

170 882 221 931 555
280 869 422 946 Lunaque
446 869 597 947 fulgebat,
620 887 675 929 nec
698 869 770 929 facis
792 885 866 929 usus
889 876 952 928 5151
960 913 970 948 ,

235 958 309 1018 Cum
332 958 430 1017 subito
453 967 536 1017 motu
559 974 661 1035 saepes
686 964 834 1017 tremuere
858 958 1013 1017 sinistrae:
1036 989 1069 998 -

279 1045 405 1105 Rettulit
426 1043 474 1104 ille
498 1045 629 1123 gradus,
652 1044 892 1122 horrueruntque
916 1060 1035 1104 comae:
1057 1075 1089 1086 -

235 1133 363 1193 Pulcher
387 1140 416 1192 et
438 1131 566 1191 humano
591 1134 683 1192 maior
705 1131 865 1210 trabeaque
888 1131 1016 1192 decorus

279 1219 421 1280 Romulus
444 1222 474 1280 in
498 1219 593 1279 media
616 1222 697 1279 visus
720 1219 822 1280 adesse
845 1221 891 1279 via

169 1319 220 1369 505
234 1309 272 1369 Et
295 1308 404 1368 dixisse
428 1307 515 1367 simul
539 1301 679 1385 ‘prohibe
703 1306 804 1385 lugere
828 1306 977 1388 Quirites,

279 1395 339 1456 Neo
363 1396 471 1455 violent
494 1394 623 1455 lacrimis
646 1397 766 1454 numina
790 1402 890 1455 nostra
913 1397 993 1456 suis.

235 1484 313 1544 Tura
336 1484 454 1562 ferant,
476 1482 651 1561 placentque
670 1499 777 1542 novum
796 1484 843 1560 pia
866 1481 953 1543 turba
973 1481 1142 1559 Quirinum,

278 1571 316 1630 Et
337 1573 447 1650 patrias
470 1581 549 1631 artes
573 1570 763 1648 militiamque
787 1563 919 1630 colant.'

235 1659 346 1736 lussit,
369 1667 400 1718 51
424 1661 454 1718 in
478 1669 583 1718 tenues
606 1658 699 1718 oculis
722 1659 840 1718 evanuit
863 1673 967 1718 auras.

169 1757 220 1806 515
280 1746 427 1806 Convocat
449 1745 496 1805 hic
519 1746 666 1825 populos,
688 1747 826 1823 iussaque
851 1743 939 1805 verba
961 1744 1071 1805 refert.

234 1832 354 1911 Templa
378 1832 433 1892 deo
455 1834 545 1893 liunt.
587 1832 669 1893 collis
693 1850 810 1912 quoque
834 1833 930 1893 dictus
954 1831 991 1892 ab
1014 1831 1062 1891 illo
1086 1839 1141 1910 est,

278 1919 315 1979 Et
339 1920 473 1980 referunt
496 1923 571 1980 55111
594 1938 676 1981 55515
699 1930 821 2000 paterna
844 1919 925 1980 dies.

234 2006 297 2068 Lux
322 2025 439 2085 quoque
463 2026 517 2068 cur
541 2008 642 2068 eadem
667 2007 830 2068 Stultorum
853 2008 927 2068 festa
950 2014 1089 2086 vocetur,

278 2097 408 2172 Accipe.
449 2113 536 2173 parva
561 2096 679 2172 quidem
703 2113 811 2173 causa,
834 2095 886 2155 sed
910 2104 977 2174 apta
1000 2094 1117 2156 subest.

169 2194 219 2244 515
233 2183 298 2243 Non
321 2181 424 2242 habuit
447 2183 549 2243 doctos
572 2182 660 2243 tellus
683 2185 802 2261 antiqua
825 2183 963 2245 colonosa

279 2269 439 2331 Lassabant
462 2272 552 2350 agiles
576 2287 679 2349 aspera
702 2269 776 2331 bella
799 2271 897 2331 viros.

233 2358 304 2419 Plus
328 2366 391 2419 erat
413 2360 444 2419 in
467 2359 584 2437 gladio,
608 2375 694 2436 quam
718 2375 808 2418 curvo
832 2357 926 2419 laudis
949 2365 1064 2421 aratro:
1161 2408 1164 2415 .

278 2446 434 2526 Neglectus
458 2448 575 2507 domino
599 2464 691 2524 pauca
714 2445 827 2506 ferebat
849 2463 936 2525 ager.

234 2535 323 2595 Farra
348 2544 445 2595 tamen
468 2543 583 2595 veteres
607 2532 772 2613 iaciebant,
795 2534 872 2594 farra
896 2533 1063 2612 metebant,

168 2634 219 2683 510
278 2624 426 2683 Primitias
448 2623 551 2683 Cereri
574 2624 650 2682 farra
674 2629 788 2682 1555515
810 2620 935 2682 dabant.
1023 2690 1026 2694 ³

233 2709 342 2769 Usibus
366 2711 505 2771 admoniti
528 2709 652 2770 flammis
676 2710 815 2770 torrenda
839 2709 1003 2788 dederunt,

278 2797 427 2874 Multaque
450 2809 571 2876 peccato
595 2798 698 2859 damna
722 2796 818 2858 tulere
842 2815 914 2858 suo.

233 2884 306 2943 Nam
330 2885 415 2962 modo
439 2887 595 2947 verrebant
617 2889 716 2965 nigras
739 2903 793 2964 pro
817 2885 895 2945 farre
919 2883 1045 2966 favillas,

277 2971 361 3032 Nunc
384 2974 463 3049 ipsas
486 2977 570 3051 ignes
592 2977 764 3051 corripuere
788 2990 887 3032 casas.

167 3072 217 3121 515
233 3061 321 3120 Facta
345 3061 398 3120 dea
423 3067 468 3120 est
490 3060 628 3120 Fornax.
670 3060 738 3121 laeti
761 3059 893 3120 Fornace
917 3059 1014 3121 coloni

278 3149 391 3227 Orant,
414 3158 448 3208 ut
471 3148 571 3227 fruges
595 3157 740 3227 temperet
762 3147 810 3208 illa
834 3165 920 3208 suas.

234 3236 322 3296 Curio
346 3237 484 3314 legitimis
508 3255 587 3297 51155
610 3235 780 3296 Fornacalia
803 3235 901 3296 verbis

278 3323 421 3385 Maximus
444 3325 568 3403 indicit,
592 3356 625 3366 -
649 3341 704 3384 nec
728 3331 803 3384 stata
827 3341 910 3384 sacra
932 3323 1004 3383 facit
1026 3353 1057 3364 -

233 3409 324 3487 loque
348 3412 434 3492 foro,
458 3412 548 3472 multa
572 3414 683 3472 circum
707 3410 856 3489 pendente
878 3409 1002 3491 tabella,

167 3506 218 3555 535
279 3497 417 3574 Signatur
440 3506 520 3559 certa
543 3502 625 3560 curia
649 3515 783 3576 quaeque
806 3507 891 3560 uota.
