2386 3892
91 111 134 175 20
508 109 679 161 amomum

180 272 275 352 lude,
296 269 354 332 levi
376 279 463 332 vento
487 271 644 349 Zerynthia
667 271 753 332 litora
776 279 880 351 nacta,

131 374 165 422 20
179 361 346 421 Threiciam
368 361 465 436 tetigit
490 359 567 419 fessa
589 360 689 419 carina
713 358 829 425 Samon.

181 447 280 508 Saltus
304 446 339 507 ab
362 446 417 506 hac
441 453 544 507 contra
567 445 665 506 brevis
688 453 735 506 est
758 446 904 524 Tempyra
926 448 1058 524 petenti:
1155 470 1158 477 ·

179 535 240 595 Hae
264 535 416 596 dominnm
439 541 525 594 tenus
550 542 596 594 est
617 532 666 594 illa
689 540 791 594 secuta
814 551 919 594 sunm.
1131 594 1141 601 ,

179 622 253 683 Nam
276 622 348 682 mibi
369 621 517 682 bistonios
539 620 650 701 placuit
671 620 746 700 pede
770 637 893 700 carpere
916 637 1054 700 campos:
1131 668 1138 683 -.

179 709 430 790 Hellespontiacas
452 709 501 769 illa
524 707 631 787 relegit
653 726 762 787 aquas,

135 809 169 858 ae
183 799 416 876 Dardaniamque
439 798 536 875 petit,
560 798 689 856 aurctoris
712 812 821 856 nomen
843 793 1019 878 habentem,

182 885 221 945 Et
243 893 272 945 te
296 883 446 964 ruricola,
468 882 651 961 Lampsaco,
674 890 737 943 tnta
760 882 834 962 deo,

183 972 329 1051 Quodque
353 990 407 1051 per
431 979 570 1050 angustas
592 978 693 1031 vectae
716 970 791 1031 male
816 971 939 1048 virginis
961 971 1054 1032 nudae

182 1059 289 1119 Seston
312 1058 451 1138 Abydena
474 1066 590 1137 separat
612 1058 686 1118 urbe
709 1059 837 1139 lrotum,

180 1146 274 1226 lnque
297 1147 503 1224 Propontiacis
525 1146 697 1207 haerentem
721 1145 846 1224 Cyzicon
869 1146 951 1226 oris,-

134 1247 168 1296 30
183 1235 331 1315 Cyzicon,
354 1233 531 1296 Haemoniae
554 1233 652 1294 nobile
675 1235 771 1312 gentis
794 1250 887 1313 opus,

182 1324 323 1401 Quaeque
346 1330 449 1383 tenent
472 1322 559 1382 Ponti
581 1321 719 1399 Byzantia
741 1320 828 1382 litora
850 1321 970 1383 lauces:

182 1410 237 1470 Hie
260 1411 343 1470 locus
367 1418 414 1470 est
435 1411 545 1488 gemini
567 1411 654 1470 ianua
676 1416 757 1469 vasta
779 1410 887 1469 maris.

182 1497 283 1577 Haec,
305 1514 436 1577 precor,
459 1499 574 1557 evincat
586 1543 595 1575 ,
617 1496 817 1575 propulsaque
839 1493 968 1556 sortibus
989 1498 1097 1558 ausula

183 1585 327 1645 Transeat
349 1582 493 1644 instabilis
516 1592 638 1644 strenua
661 1583 790 1662 Cyaneas

134 1682 167 1732 35
182 1672 406 1750 Thyniacosque
429 1673 512 1732 sinus
525 1718 534 1751 ,
564 1679 594 1731 et
622 1670 657 1731 ab
679 1671 726 1730 his
749 1688 803 1750 per
826 1669 969 1749 Apollinis
992 1670 1098 1733 urbem
1190 1741 1193 1744 ,

183 1758 254 1818 Arta
277 1757 333 1818 sub
355 1757 488 1818 Anchiali
510 1759 626 1818 moenia
649 1758 750 1818 tendat
772 1760 846 1819 iter.

181 1845 253 1905 Inde
277 1844 504 1907 Mesembriacos
526 1854 631 1925 portus
654 1854 684 1905 et
707 1845 842 1905 Odesson
864 1852 895 1906 et
917 1862 1001 1907 arces

182 1932 352 1993 Praetereat
375 1933 467 1993 dictas
490 1935 630 2012 nomine,
652 1932 789 2013 bacche,
812 1941 882 2009 tuo,

183 2018 222 2079 Et
245 2038 319 2099 qnos
341 2020 474 2080 Alcathoi
497 2029 700 2082 memorante
723 2018 879 2080 moenibus
902 2026 984 2081 ortos

133 2119 169 2168 4ο
184 2106 311 2168 Sedibus
333 2106 379 2168 his
401 2109 544 2187 prologos
567 2109 756 2168 constituisse
779 2106 888 2168 larem.

182 2194 333 2272 dquibus
356 2195 490 2255 adveniat
512 2194 640 2256 Miletida
663 2212 766 2273 sospes
789 2194 825 2255 ad
848 2193 971 2275 urbem,

184 2280 297 2342 Offensi
319 2300 377 2360 qno
401 2301 447 2342 me
471 2283 577 2344 detulit
597 2285 642 2343 ira
664 2282 729 2343 dei.

182 2369 261 2431 Haec
285 2371 312 2430 si
334 2373 533 2451 contigerint,
557 2372 678 2430 meritae
702 2368 787 2430 cadet
809 2386 883 2448 agna
905 2369 1074 2432 Minervae:

181 2457 247 2518 Non
270 2457 341 2518 lacit
363 2458 398 2518 ad
421 2467 538 2518 nostras
561 2458 657 2518 hostia
679 2459 772 2517 maior
795 2474 889 2535 opes.

133 2556 168 2604 45
187 2544 244 2604 Vos
270 2563 410 2625 quoqne,
442 2543 647 2625 Tyndaridae,
682 2562 756 2624 quos
783 2544 857 2605 haec
883 2543 954 2606 colit
984 2544 1099 2628 insula,

815 2632 924 2693 lratres

183 2717 253 2777 Mite
276 2735 384 2796 precor
407 2716 516 2797 duplici
538 2736 649 2780 numen
673 2718 778 2779 adesse
798 2717 879 2780 vlael
931 2679 941 2715 ’

185 2804 285 2865 Altera
308 2822 434 2882 namque
456 2814 542 2884 parat
564 2805 771 2886 Symplegadas
792 2807 837 2867 ire
859 2824 915 2886 per
937 2815 1035 2890 artas,

186 2891 328 2951 Scindere
351 2891 497 2953 Bistonias
520 2892 610 2954 altera
631 2895 740 2973 puppis
762 2911 862 2972 aquas.

49 3045 52 3049 ⁴
184 2978 242 3039 Vos
266 2978 376 3060 lacite,
399 2988 432 3040 ut
455 2988 558 3041 ventos
571 3028 580 3061 ,
604 2980 667 3041 loca
690 2999 757 3041 cum
781 2981 896 3044 diversa
918 2989 1069 3064 petemus,

135 3077 169 3128 50
183 3065 235 3128 llla
258 3084 328 3128 suos
351 3066 478 3151 habeat,
501 3086 557 3129 nec
580 3071 679 3130 minus
701 3068 749 3130 illa
773 3086 852 3130 suos.
