2386 3892
461 191 482 249 I·
500 203 538 243 111
551 195 646 244 o—tt.

138 352 277 433 singultu
301 352 413 415 medios
437 354 614 433 impediente
639 372 743 415 sonos.
860 366 863 371 ’

137 441 188 502 llla
212 444 302 503 etiam
325 449 392 502 ante
415 441 491 503 lares
514 445 609 520 passis
632 443 760 503 adstrata
778 442 890 522 capillis

137 530 268 610 Contigit
291 531 436 590 extinctos
459 548 511 590 ore
534 538 680 592 tremente
704 531 803 610 focos,

87 630 122 679 45
138 618 288 696 Multaque
312 620 343 678 in
367 617 505 678 adversos
528 618 631 678 effudit
653 617 742 679 verba
765 625 886 698 penates

137 706 196 767 Pro
220 705 373 786 deplorato
396 724 456 766 non
479 704 602 766 valitura
625 708 705 768 viro.

137 794 258 873 lamque
281 811 381 854 morae
405 796 532 872 spatium
555 813 613 854 nox
636 796 826 873 praecipitata
850 795 990 875 negabat,

137 879 288 960 Versaque
312 880 348 941 ab
372 899 424 941 axe
449 899 502 942 suo
526 879 678 944 Parrhasis
702 890 799 943 arctos
823 891 902 944 erat.

32 959 35 963 ’
139 969 216 1040 Quid
239 965 398 1030 facerem?
430 968 536 1029 blando
559 973 671 1049 patriae
695 970 845 1031 retinebar
868 989 987 1033 amore:

89 1069 125 1119 50
140 1057 249 1117 Ultima
272 1057 324 1117 sed
347 1058 445 1118 iussae
468 1075 526 1118 nox
549 1065 612 1118 erat
635 1057 683 1118 illa
706 1058 809 1137 fugae.

138 1143 184 1205 A!
209 1147 346 1223 quotiens
369 1145 467 1224 aliquo
486 1144 546 1206 dixi
568 1154 745 1227 properante
770 1143 859 1217 ‘Quid
882 1144 1019 1227 urgues?

137 1231 191 1292 Vel
214 1250 273 1311 quo
298 1234 420 1293 festinas
443 1235 510 1315 ire,
533 1233 578 1294 vel
601 1233 701 1311 unde,
726 1229 834 1295 videl'-

139 1318 185 1381 At
210 1323 348 1400 quotiens
371 1329 482 1382 certam
505 1338 641 1383 mesum
665 1324 807 1382 mentitus
829 1321 938 1383 hahere

137 1407 248 1470 lloram
260 1456 270 1488 ‚
293 1411 460 1488 propositae
485 1427 559 1488 quae
583 1410 661 1471 foret
683 1417 749 1488 apta
773 1411 852 1469 viae.

88 1509 123 1558 55
138 1496 197 1558 Ter
220 1497 310 1558 limen
333 1498 438 1578 tetigi,
461 1505 508 1558 ter
531 1515 596 1558 snm
619 1504 774 1559 revocatus
786 1544 796 1577 ‚
821 1505 850 1559 et
873 1499 936 1577 ipse

141 1584 301 1665 Indulgens
324 1587 420 1645 animo
444 1603 496 1664 pes
520 1586 592 1646 mihi
615 1585 718 1646 tardus
741 1594 812 1647 erat.

139 1672 233 1753 Saepe
257 1672 319 1733 vale
343 1673 421 1734 dicto
445 1691 550 1734 rursus
574 1691 640 1735 sum
663 1674 754 1736 multa
777 1674 912 1757 locutus,

137 1761 176 1822 Et
199 1763 284 1840 quasi
307 1760 462 1822 discedens
485 1761 586 1822 oscula
608 1781 721 1824 summa
745 1762 829 1823 dedi.

139 1848 233 1929 Saepe
257 1849 360 1910 eadem
382 1849 519 1910 mandata
541 1850 610 1911 dedi
633 1868 740 1929 meque
762 1854 825 1930 ipse
850 1850 957 1932 fefelli,

89 1950 123 2000 oo
139 1937 312 2016 Respiciens
335 1937 429 1998 oculis
451 1939 574 2016 pignora
598 1956 664 1999 cara
684 1941 774 2000 meis.

139 2025 272 2103 lienique
293 2021 382 2096 ‘Quid
400 2023 559 2104 propero?
583 2025 787 2106 Scythiaest,
811 2045 869 2107 qno
889 2021 1055 2108 mittimur',

303 2167 305 2172 ,
335 2144 337 2150 s
680 2132 801 2193 mquam

139 2196 243 2262 ‘Roma
266 2200 461 2280 relinquenda
484 2210 551 2263 est.
584 2209 709 2281 utraque
733 2205 810 2263 iusta
833 2220 915 2264 mora
939 2210 1002 2264 est.

138 2289 218 2350 Uxor
241 2291 272 2349 in
296 2296 449 2350 aeternum
473 2292 536 2349 vivo
560 2290 631 2349 mihi
656 2293 717 2349 viva
741 2298 888 2370 negatur,

138 2377 176 2438 Et
199 2378 304 2438 domus
329 2384 359 2438 et
381 2376 455 2438 lidae
479 2376 575 2437 dulcia
599 2375 730 2437 membra
753 2379 875 2456 domus,

91 2478 124 2527 65
139 2466 280 2543 Quosque
304 2483 358 2544 ego
382 2464 471 2525 dilexi
494 2464 625 2526 fraterno
649 2481 731 2524 more
756 2464 887 2542 sodales,

140 2553 163 2614 0
187 2553 260 2613 mihi
283 2552 396 2613 Thesea
419 2559 540 2631 pectora
563 2554 662 2612 iuncta
686 2551 760 2612 fidel

139 2641 215 2701 llum
238 2641 330 2723 licet,
353 2639 532 2718 amplectar.
568 2657 729 2718 numquam
753 2639 878 2700 fortasse
901 2638 1003 2702 licebit

138 2729 294 2808 Amplius.
326 2730 356 2788 in
381 2727 464 2789 lucro
488 2736 535 2789 est
557 2746 632 2806 quae
656 2728 743 2788 datur
765 2727 838 2788 hora
862 2728 933 2789 mihi
944 2724 962 2790 .'

139 2816 199 2877 Nec
224 2834 327 2897 mora,
351 2818 496 2877 sermonis
521 2816 610 2876 verba
632 2817 796 2895 inperfecta
819 2816 977 2898 relinquo,

91 2917 125 2965 to
139 2904 346 2984 Complectens
370 2906 466 2965 animo
489 2906 623 2983 proxima
646 2922 781 2983 quaeque
805 2922 879 2965 meo.

139 2992 215 3053 lium
238 2992 344 3071 loquor
367 3001 398 3053 et
419 2992 550 3072 flemus,
573 2992 653 3052 caelo
677 2993 872 3054 nitidissimus
896 2992 972 3072 alto,

140 3079 231 3140 Stella
247 3083 350 3160 gravis
374 3079 484 3160 nobis,
507 3079 626 3141 Lucifer
649 3090 733 3142 ortus
758 3090 838 3141 erat.

139 3167 260 3228 Dividor
274 3168 351 3229 haud
371 3168 473 3247 aliter,
497 3185 585 3246 quam
604 3171 628 3229 si
648 3187 711 3230 mea
726 3167 858 3229 membra
877 3165 1057 3246 relinquam,

140 3255 177 3316 Et
199 3274 268 3336 pars
293 3256 429 3335 abrumpi
453 3274 577 3335 corpore
601 3258 661 3317 risa
685 3274 739 3316 suo
763 3261 825 3313 est.

92 3355 126 3404 io
142 3342 190 3404 Sic
214 3344 309 3406 doluit
331 3344 441 3404 Mettus
467 3352 536 3405 tnnc
549 3390 558 3422 ‚
582 3362 650 3404 cum
672 3345 704 3401 in
728 3341 875 3401 contraria
899 3357 1000 3401 versos

141 3430 259 3493 Ultores
282 3431 385 3493 hahuit
408 3431 584 3510 proditionis
609 3447 717 3507 equos.

140 3518 216 3581 Tum
239 3538 309 3598 vero
334 3522 466 3580 exoritur
490 3517 600 3577 clamor
623 3518 808 3594 gemitusque
831 3533 982 3599 meorum,
