2386 3892
85 183 131 249 40
502 184 672 235 uersurum

128 362 161 410 το
176 347 255 409 Haec
275 365 393 427 quoque
417 355 502 407 erent
524 346 649 425 pedibus
673 364 731 406 uon
755 345 888 407 adeunda
911 349 1006 408 meis.

176 438 237 496 Nec
260 455 329 516 me,
354 453 427 514 quae
452 435 546 496 doctis
569 441 730 513 potueruut
752 437 846 512 prime
870 434 995 516 libellis,

176 526 257 585 Atria
279 523 413 584 Libertas
437 532 557 600 tangere
580 541 666 602 pessa
690 540 742 582 sua
765 532 828 583 est.

175 612 209 672 ln
233 630 326 690 genus
350 613 480 672 aucturis
504 612 606 671 miseri
629 611 748 671 fortuna
771 610 935 691 redundat,

175 699 214 761 Et
236 702 366 778 patimur
388 701 471 779 uati,
496 717 584 779 quam
606 698 675 759 tulit
698 701 781 779 ipse,
804 699 921 777 lugam.

128 802 161 850 75
177 787 312 849 Forsitan
336 796 367 849 et
389 786 473 848 nobis
498 788 567 847 olim
590 789 688 847 minus
712 804 798 864 asper
821 795 852 847 et
874 786 917 846 illi

175 876 296 937 Evictus
319 876 405 953 longo
429 883 562 954 tempore
586 874 693 936 Caesar
717 877 792 935 erit.

175 964 234 1047 Di,
256 981 385 1044 precor,
412 971 500 1042 atque
524 964 595 1024 adeo
616 995 658 1006 -
682 981 779 1041 neque
809 965 889 1023 enim
912 962 985 1024 milri
1008 961 1085 1022 turb:

577 1052 706 1130 roganda
730 1058 776 1111 est
797 1084 834 1094 -

177 1139 283 1200 Caesar
296 1185 305 1220 ,
329 1139 399 1199 ades
423 1148 513 1220 voto,
536 1142 660 1200 maxime
685 1139 773 1218 dive,
796 1136 882 1200 meo!

175 1227 314 1308 Interea,
338 1230 477 1306 quoniam
500 1230 587 1288 statio
610 1227 683 1287 mihi
710 1227 828 1306 publica
851 1227 950 1288 clause
974 1236 1038 1307 est,

127 1328 161 1377 80
175 1316 293 1376 Privato
317 1315 403 1377 liceat
426 1315 578 1376 delituisse
603 1313 682 1376 loco!

176 1403 233 1465 Vcs
258 1423 398 1484 quoque,
422 1406 448 1464 si
470 1405 513 1464 fes
537 1412 604 1485 est,
627 1403 748 1479 coulrrse
772 1403 885 1482 pudore
909 1403 1047 1483 repulsae

177 1491 290 1552 Sumite
313 1491 445 1569 plebeiae
469 1495 598 1552 carmine
621 1499 722 1551 nostra
746 1490 865 1553 manus!

566 1685 611 1757 II.

176 1842 255 1921 Ergo
279 1850 342 1903 eret
365 1845 395 1902 iu
419 1843 485 1903 letis
510 1843 657 1922 Scythiam
681 1862 799 1923 quoque
824 1845 920 1904 risere
943 1843 1075 1921 uestris,

177 1931 317 2009 Quaeque
341 1930 486 2009 Lycaonio
510 1939 589 1991 terra
613 1930 668 1992 sub
692 1949 745 1991 exe
769 1928 871 1992 iacet?

177 2018 237 2079 Nec
261 2037 339 2093 vos,
361 2018 517 2098 Pierides,
540 2037 595 2079 nec
619 2022 709 2098 stirps
732 2019 856 2101 Letoia,
879 2026 979 2080 vestro

176 2105 267 2166 Docta
291 2107 438 2167 secerdoti
460 2106 546 2167 turbe
570 2106 679 2168 tulistis
703 2126 807 2186 opem.

146 2194 237 2255 5Nec
260 2194 334 2255 mihi
347 2241 355 2274 ,
379 2194 457 2273 quod
481 2195 539 2255 lusi
562 2213 632 2254 vero
657 2197 720 2255 siue
745 2197 892 2277 crimine,
915 2194 1056 2275 prodest,

177 2281 321 2361 Quodque
345 2285 438 2361 magis
462 2285 520 2343 vita
543 2282 626 2343 Musa
648 2285 743 2345 iocata
766 2302 832 2344 mee
855 2291 918 2365 cst,

175 2370 306 2431 Plurima
329 2370 381 2431 sed
404 2371 507 2450 pelago
531 2379 669 2450 terreque
693 2372 824 2450 pericula
847 2389 967 2449 pessum

175 2458 266 2520 Ustus
289 2459 325 2519 ab
349 2459 467 2520 assiduo
490 2460 601 2538 frigore
623 2458 736 2520 Pontus
759 2458 865 2520 hehet.

177 2547 293 2626 Quique
316 2547 405 2625 fugax
429 2566 530 2607 rerum
553 2565 716 2625 secureque
740 2549 772 2607 iu
795 2550 855 2607 otia
879 2553 984 2625 uetus,

129 2646 161 2693 10
176 2635 271 2694 Mollis
295 2643 324 2695 et
348 2637 495 2713 inpatieus
519 2643 586 2695 ante
610 2635 719 2696 laboris
743 2653 842 2716 erem,

176 2722 282 2782 Ultimo
305 2740 385 2782 nrrnc
408 2725 506 2800 patior
518 2769 526 2803 ,
557 2741 612 2783 nec
635 2741 682 2783 me
706 2741 787 2784 mere
814 2722 960 2802 portubus
988 2720 1085 2781 orbum

176 2810 328 2889 Perdere,
352 2809 485 2870 diversae
509 2829 564 2871 nec
587 2819 711 2889 potuere
734 2814 817 2891 viae,

178 2897 359 2976 Sullecitque
383 2898 473 2958 malis'
490 2901 627 2960 animus.
664 2917 732 2959 uam
755 2917 864 2977 corpus
888 2898 924 2959 eb
947 2897 996 2958 illo

176 2986 298 3065 Accepit
321 2987 399 3046 vires
422 2988 528 3066 vixque
552 2987 674 3047 serenda
699 2987 783 3048 tulit.

130 3085 161 3133 15
177 3071 251 3134 llum
276 3082 373 3134 tamen
398 3084 427 3135 et
450 3077 539 3137 terris
563 3075 671 3136 dubius
694 3074 824 3136 iactabar
848 3076 1005 3152 etuud1s‚

175 3162 306 3224 Fellebat
328 3181 415 3224 cures
439 3180 585 3242 aegreque
609 3163 697 3224 corde
721 3162 820 3224 labor:

176 3250 215 3311 Ut
237 3253 282 3312 vie
306 3252 388 3313 linito
413 3260 458 3313 est
481 3260 608 3330 etopus
631 3254 778 3329 requievit
801 3251 909 3333 eundi,

176 3337 215 3398 Et
236 3358 348 3418 poenae
373 3340 460 3401 tellus
484 3348 530 3401 est
552 3339 626 3399 mihi
649 3347 726 3401 tecta
750 3357 849 3420 meae,

176 3426 223 3486 Nil
246 3429 304 3487 nisi
326 3428 398 3488 llere
422 3427 515 3509 libet,
538 3446 593 3487 nec
617 3436 719 3488 nestro
742 3429 860 3507 parcior
882 3426 977 3487 imber

128 3525 162 3574 20
176 3512 323 3590 Lumine,
347 3514 383 3576 de
407 3533 496 3576 verna
520 3533 608 3593 quam
630 3517 697 3575 nive
721 3524 934 3594 monetaque.
