2386 3892
91 182 133 246 36
505 183 675 235 TRISTIUM

113 360 163 407 505
179 346 312 425 Cumque
336 345 439 406 fefellit
462 363 561 405 amaus
584 346 681 425 aliqua
703 349 832 408 novitate
855 351 1012 431 maritum,

178 435 331 495 Plauditur
355 443 384 494 11
407 451 513 512 magno
537 432 630 512 palma
654 435 753 495 lavore
777 434 884 498 datur.

179 521 324 601 Quodque
347 524 445 582 minus
469 522 612 603 prodest,
637 540 742 582 scaena
765 532 812 583 est
833 524 951 585 lucrosa
974 537 1077 605 poetae

179 610 331 689 Tantaque
355 628 414 669 non
437 628 527 688 parvo
552 612 674 670 crimina
697 619 817 688 praetor
840 615 928 674 emit.

179 697 294 777 Inspice
317 697 455 758 ludorum
479 707 638 778 sumptus,
660 699 815 779 Auguste,
838 709 976 763 tuorum:

113 797 164 846 511
179 785 285 865 Empta
308 785 362 846 tibi
385 803 490 863 magno
514 786 582 847 talia
605 785 696 846 multa
720 786 816 864 leges.

179 874 257 934 Haec
281 882 314 935 tu
337 876 478 952 spectasti
501 874 718 953 spectandaque
743 893 830 954 saepe
855 875 979 957 dedisti,
999 911 1040 922 -

178 962 314 1022 Maiestas
337 962 409 1022 adeo
433 963 526 1021 comis
548 960 658 1040 ubique
682 970 732 1023 tua
755 970 802 1023 est
823 996 860 1006 -

179 1049 413 1128 Luminibusque
437 1051 518 1128 tuis,
540 1056 621 1110 totus
646 1049 754 1128 quibus
777 1053 872 1112 utitur
895 1050 996 1134 orbis,

180 1137 320 1197 Scaenica
342 1136 441 1198 vidisti
463 1136 561 1197 lentus
584 1137 748 1198 adulteria.

113 1235 164 1285 515
181 1225 317 1287 Scribere
342 1227 367 1285 si
390 1225 433 1285 111
457 1232 503 1285 111
524 1227 673 1286 imitantes
696 1229 794 1304 turpia
817 1228 941 1308 1111111111,

178 1314 317 1374 Materiae
340 1315 436 1373 minor
460 1322 506 1373 111
528 1312 626 1374 debita
648 1332 743 1392 poena
766 1332 857 1375 meae.

179 1404 223 1462 An
246 1420 340 1480 genus
363 1400 419 1462 hoc
444 1402 547 1480 scripti
570 1402 681 1462 iaciunt
704 1420 757 1462 1111
780 1403 893 1481 pulpita
916 1413 1033 1486 tutum,

180 1489 324 1569 Quodque
348 1489 439 1568 licet,
462 1491 560 1550 mimis
583 1507 689 1549 scaena
711 1490 802 1550 licere
826 1489 932 1551 dedit?

179 1576 217 1637 Et
239 1596 304 1637 mea
328 1587 397 1638 sunt
419 1575 528 1655 populo
552 1577 655 1638 saltata
678 1586 813 1656 poemata
836 1597 942 1660 saepe,

114 1677 165 1726 520
182 1665 274 1744 Saepe
299 1663 400 1725 oculos
424 1667 512 1724 etiarn
535 1665 689 1726 detinuere
713 1674 798 1726 tuos.

182 1752 301 1812 Scilicet
323 1755 354 1812 in
378 1751 513 1812 domibus
536 1756 647 1814 nostris
670 1762 704 1814 ut
726 1756 823 1832 prisca
846 1757 977 1815 virorum

180 1841 309 1901 Artificis
332 1839 446 1918 fulgent
466 1859 593 1919 corpora
616 1844 693 1920 picta
717 1859 823 1923 manu,

181 1928 252 2008 Sic,
277 1947 351 2007 quae
374 1927 670 1989 concubitus'varios
693 1932 868 2008 venerisque
892 1931 1001 2009 figuras

180 2015 332 2095 Exprimat
345 2062 353 2091 ,
377 2026 423 2077 est
445 2016 542 2095 aliquo
566 2035 655 2095 parva
678 2016 783 2077 tabella
807 2016 890 2078 loco.

116 2117 166 2164 525
181 2104 278 2182 thue
302 2105 385 2165 sedet
408 2104 491 2164 vultu
514 2105 611 2164 lassus
633 2104 822 2184 Telamonius
845 2108 941 2186 iram,

180 2191 274 2270 Inque
297 2191 390 2253 oculis
414 2193 528 2252 lacinus
552 2191 675 2252 barbara
698 2201 792 2253 mater
814 2192 921 2273 habet,

181 2280 229 2340 Sic
253 2280 384 2340 madidos
408 2282 499 2340 siccat
521 2281 620 2358 digitis
642 2280 742 2341 Venus
765 2281 823 2341 uda
846 2282 986 2362 capillos,

179 2368 218 2428 Et
240 2368 327 2428 modo
349 2371 491 2429 maternis
514 2377 592 2429 tecta
614 2368 731 2429 ridetur
754 2371 855 2447 aquis.

180 2456 259 2516 Bella
283 2452 389 2517 so'nant
412 2455 460 2516 alii
483 2456 550 2517 telis
573 2459 718 2517 instructa
742 2459 895 2537 cruentis,

115 2557 166 2605 530
180 2545 311 2623 Parsque
334 2547 379 2605 tui
401 2547 541 2624 generis,
563 2562 632 2622 pars
655 2553 712 2613 tua.
728 2545 804 2606 iacta
828 2554 954 2606 canunt.

180 2633 280 2692 lnvida
302 2651 349 2692 me
373 2635 468 2711 spatio
492 2639 597 2692 natura
620 2634 753 2694 coercuit
775 2641 857 2715 arto,

179 2720 301 2798 lngenio
323 2721 603 2798 viresexiguasque
627 2719 727 2780 dedit.

180 2807 218 2868 Et
241 2816 339 2867 tamen
361 2807 411 2866 ille
435 2815 503 2868 tuae
527 2807 596 2867 ielix
618 2807 764 2869 Aeneidos
788 2816 891 2869 auctor

179 2894 312 2956 Contulit
334 2897 366 2954 in
388 2894 494 2974 Tyrios
517 2913 596 2955 arma
620 2899 776 2975 virumque
800 2904 900 2977 toros,

114 2996 164 3044 535
180 2983 241 3043 Ν11
264 2983 372 3061 legitur
394 3001 463 3062 pars
488 2983 545 3045 ulla
569 2987 661 3063 magis
685 2984 720 3044 de
745 3003 870 3064 corpore
893 2993 974 3067 toto,

181 3073 274 3142 Quam
298 3089 357 3131 non
381 3071 512 3149 legitimo
536 3072 656 3133 loedere
679 3074 798 3133 iunctus
822 3091 921 3134 amor.

180 3159 320 3239 Phyllidis
344 3159 392 3220 hic
415 3159 494 3220 idem
518 3169 696 3238 teneraeque
719 3161 905 3240 Amaryllidis
928 3164 1009 3241 ignes

179 3248 326 3308 Bucolicis
349 3250 465 3309 iuvenis
488 3247 601 3309 luserat
623 3256 690 3308 ante
713 3249 826 3310 modis.

180 3336 240 3396 Nos
265 3354 383 3415 quoque
407 3339 464 3396 iam
488 3336 603 3414 pridem
628 3339 738 3415 scripto
761 3340 950 3416 peccavimus
972 3340 1043 3400 isto:

126 3434 166 3485 ³40
182 3424 366 3502 Supplicium
389 3426 500 3502 patitur
523 3443 582 3484 non
607 3442 680 3485 nova
704 3424 789 3504 culpa
812 3444 943 3507 norum3

182 3511 376 3589 Carminaque
401 3512 572 3593 edideram,
596 3530 664 3573 cum
688 3522 717 3572 te
741 3512 849 3573 delicta
872 3523 1020 3576 notantem
