2386 3892
468 186 500 237 V.
523 188 635 238 18-91.

88 362 123 412 55
140 350 256 428 Excipit
279 346 404 410 Uranie:
440 349 538 410 iecere
562 348 677 409 silentia
701 355 842 430 cunctae,

185 436 222 497 Et
244 454 299 496 vox
323 436 417 496 audiri
440 436 520 497 nulla
542 438 599 497 nisi
621 435 669 496 illa
691 442 806 516 potest.

139 522 257 604 ‘Magna
280 525 336 585 tuit
360 524 506 604 quondam
531 525 635 603 capitis
657 525 823 586 reverentia
846 527 929 607 ceni,

183 612 274 691 lnque
299 630 352 673 sno
376 615 471 692 pretio
495 629 568 690 ruga
591 610 693 672 senilis
716 620 796 674 erat.

137 701 238 761 Martis
261 718 336 780 opus
359 702 481 761 iuvenes
504 701 694 778 animosaque
716 698 793 761 bella
815 699 973 782 gerebant,

89 804 123 852 oo
183 787 220 849 Et
242 806 296 867 pro
320 788 365 848 dis
389 787 511 848 aderant
533 789 564 847 in
588 789 713 848 statione
736 789 815 850 suis:

139 876 256 936 Viribus
280 875 327 935 illa
351 877 448 935 minor
470 892 526 936 nec
549 873 693 936 habendis
715 875 796 937 utilis
819 877 908 936 armis

51 1028 54 1034 ,
183 963 311 1024 Consilio
335 964 446 1042 patriae
470 980 557 1041 saepe
580 961 695 1025 ferebat
717 980 819 1044 opem.

139 1052 199 1112 Nec
223 1053 279 1112 nisi
302 1059 370 1130 post
392 1068 484 1111 ennos
507 1052 697 1130 5515111555
720 1053 802 1113 curia
825 1063 927 1133 seros,

183 1139 296 1199 Nomen
319 1147 349 1200 et
372 1141 475 1200 aetatis
498 1142 568 1201 mite
591 1147 712 1201 senatos
734 1147 814 1201 5151.

90 1227 206 1291 5511115
229 1226 316 1287 dabat
339 1226 448 1306 populo
472 1229 593 1307 senior3
616 1227 757 1306 finitaque
781 1229 870 1288 certis

184 1314 313 1394 Legibus
336 1323 506 1394 55155155,
530 1315 608 1376 unde
630 1321 749 1394 petetur
771 1315 882 1376 honor.

140 1403 177 1463 Et
200 1403 315 1464 medius
339 1405 501 1483 iuvenum,
524 1421 583 1464 non
605 1400 825 1483 indignantibus
848 1404 939 1484 ipsis,

183 1491 268 1572 ibat,
291 1499 321 1553 et
343 1493 489 1573 interior,
512 1493 538 1553 si
561 1506 660 1552 comes
682 1506 762 1552 unns
784 1497 863 1552 erat.

140 1579 234 1639 Verba
258 1582 323 1658 quis
346 1580 469 1641 auderet
491 1595 591 1640 coram
613 1595 685 1640 sene
708 1577 794 1658 digna
817 1577 927 1640 rubore
968 1586 974 1595 “

91 1680 126 1729 15
185 1666 311 1748 Dicere,
335 1684 490 1729 censuram
511 1666 599 1746 longa
622 1675 741 1728 senects
764 1665 867 1728 1151151.

141 1754 284 1815 Romulus
307 1753 362 1816 hoc
386 1754 459 1816 vidit
481 1754 649 1835 selectaque
671 1764 791 1834 pectora
814 1763 915 1835 patres

186 1841 285 1903 Dixit:
317 1842 352 1902 ad
375 1842 429 1903 hos
453 1841 541 1904 Urbis
564 1858 677 1905 5551515
699 1843 789 1905 151515
813 1859 923 1904 novae.

141 1929 216 1991 Hinc
240 1946 293 1991 sua
316 1931 441 1992 maiores
464 1930 604 1993 tribuisse
627 1929 768 1993 vocabula
789 1929 865 1992 11515

185 2017 324 2098 langor,
348 2025 378 2079 et
400 2020 489 2079 aetati
512 2016 696 2081 consuluisse
720 2034 808 2080 suae.
977 2063 978 2066 ,

94 2117 127 2167 15
142 2106 180 2167 Ε1
203 2105 337 2166 Numitor
361 2105 471 2165 dixisse
493 2114 593 2184 potest
615 2101 701 2186 “de,
723 2105 869 2189 11551515,
892 2122 1025 2168 mensem

185 2192 272 2253 Hunc
296 2186 463 2272 senibus,''
488 2209 543 2252 nec
566 2209 652 2253 avum
674 2195 852 2255 sustinuisse
875 2211 985 2275 nepos.

141 2282 201 2342 Nec
225 2279 287 2340 leve
310 2280 456 2359 propositi
477 2281 585 2360 pignus
608 2294 763 2340 successor
785 2280 907 2342 honoris

185 2369 310 2448 lunius,
335 2384 351 2427 a
373 2369 513 2428 insenum
536 2367 654 2427 nomine
678 2365 796 2446 dictus,
819 2363 940 2429 hebet!

142 2456 225 2518 Tunc
249 2457 315 2537 sic,
337 2453 487 2534 neglectos
510 2453 619 2515 hedera
641 2453 777 2516 redimita
800 2452 938 2535 capillos,

95 2557 128 2606 80
187 2544 285 2604 Prima
308 2545 356 2604 sui
378 2545 476 2622 555511
498 2540 644 2622 Calliopes
666 2541 767 2603 chori:

143 2628 288 2693 ‘linierat
311 2629 447 2692 Oceanus
469 2630 617 2710 quondam
639 2626 929 2712 Titanidaletbyn,

187 2721 244 2790 Qui
267 2729 377 2782 terram
399 2718 541 2799 liquidis,
565 2734 621 2797 qua
643 2724 747 2800 patet,
768 2717 862 2781 ambit
883 2719 983 2800 aquis.

144 2806 219 2867 Hinc
243 2815 304 2868 sata
326 2806 446 2879 Pleione
470 2823 539 2869 cum
561 2805 700 2868 caelifero
722 2805 837 2868 1115515

187 2891 343 2974 iungitur,
366 2894 497 2957 5115155
520 2900 588 2974 est,
610 2892 801 2975 Pleiadasque
824 2897 918 2976 parit.

96 2990 129 3038 85
145 2978 276 3047 Quarum
298 2980 372 3044 Maia
394 3000 463 3045 suas
486 2982 580 3044 151515
602 2997 759 3063 superesse
781 2996 900 3047 5515155

189 3065 350 3148 Traditur,
372 3078 402 3131 et
424 3086 539 3133 summo
562 3071 758 3135 concubuisse
781 3069 859 3133 lovi.

144 3154 223 3215 llaec
247 3156 332 3215 enixa
354 3157 422 3237 iugo
446 3159 662 3238 cupressiferae
684 3157 837 3238 Cyllenes,
911 3212 921 3224 ,

187 3242 359 3304 Aetheriuns
381 3245 495 3309 1515511
516 3248 569 3326 qui
590 3246 666 3326 pede
688 3245 782 3325 551511
804 3245 879 3305 1151.
899 3310 902 3316 ,

144 3330 271 3390 Arcades
295 3329 374 3393 hunc
396 3331 555 3413 Ladonque
579 3350 668 3413 rapax
691 3339 722 3393 51
741 3328 891 3393 1155551115
913 3330 1019 3410 ingens

95 3432 128 3480 55
188 3418 254 3479 Rite
277 3418 401 3499 colunt,
422 3419 491 3483 luna
515 3419 626 3481 credita
649 3427 728 3481 terra
751 3417 849 3497 prior.

142 3507 217 3567 Exul
241 3506 277 3568 ab
300 3505 424 3568 Arcadia
447 3504 545 3569 Latios
566 3505 701 3569 Evander
722 3507 754 3568 in
775 3522 864 3588 agros
