2386 3892
162 180 226 245 308
571 180 764 265 rasronuu

252 345 314 406 Hoc
338 345 422 405 Celer
446 352 531 422 urget
555 361 652 423 opus,
675 361 763 422 quem
782 341 926 404 Romulus
949 345 1022 422 ipse·
1038 338 1157 421 vocarat,

296 427 453 511 ‘Sint'que
466 479 475 512 ,
498 428 596 493 ‘Celer
608 479 617 511 ‚
641 427 745 492 curae'
768 432 883 492 dixerat
905 425 978 491 ‘ista
1001 438 1085 491 tuae.

251 521 329 580 Neve
353 522 419 598 quis
443 528 494 580 aut
516 538 619 579 muros
632 565 640 598 ,
664 528 714 580 aut
737 519 842 580 laetam
865 536 985 579 vomere
1008 519 1114 583 fossam

188 621 238 669 840
298 609 461 688 Transeat,
485 608 641 668 audentem
664 607 732 668 talia
755 607 829 668 dede
852 609 919 668 neci
934 601 981 691 ·’',

253 697 335 766 Quod
360 696 470 756 Remus
494 698 633 773 ignorans
656 694 784 755 humiles
807 703 999 757 contemnere
1023 712 1120 756 muros

298 784 423 864 Coepit,
447 792 476 844 et
499 780 561 844 ‘his
584 778 727 863 populus'
752 784 851 844 dicere
875 779 975 845 ‘tutus
998 777 1096 845 crit?'

252 873 312 934 Nec
334 890 437 951 mora,
461 871 629 933 transiluit.
671 878 755 932 rutro
779 871 864 932 Celer
890 880 1019 951 occupat
1044 888 1154 949 ausum,

296 961 347 1021 llle
371 963 478 1039 premit
501 960 604 1020 douram
628 960 873 1038 sanguinulentus
895 961 1039 1022 humum.
1148 992 1152 997 ·

187 1060 238 1108 845
253 1049 330 1109 Ηο00
354 1047 405 1108 ubi
420 1065 481 1108 rex
505 1047 629 1128 didicit,
652 1047 787 1108 lacrimas
809 1050 958 1110 introrsus
981 1048 1100 1109 obortas

297 1136 444 1214 lierorat,
468 1143 498 1195 et
521 1136 653 1196 clausum
676 1145 796 1215 pectore
819 1137 924 1198 volnus
947 1135 1054 1198 habet.
1149 1174 1156 1183 -

139 1242 142 1248 ’
253 1224 339 1284 Flere
362 1223 456 1302 palam
480 1241 538 1284 non
561 1223 622 1284 volt
634 1270 643 1304 ,
667 1223 858 1303 exemplaque
881 1226 969 1285 lortia
993 1232 1104 1303 serrat,

299 1307 439 1390 ‘Sic'qne
464 1307 561 1372 ‘meos
584 1329 686 1372 murros
709 1319 840 1373 transeat
863 1308 974 1373 hostis'
998 1315 1054 1374 ait.

253 1400 308 1461 Dat
330 1408 429 1460 tamen
452 1401 614 1480 exequias3
636 1417 691 1460 uec
713 1403 771 1460 iam
794 1401 978 1480 suspendere
1001 1400 1101 1463 lictum

188 1501 239 1548 850
299 1488 454 1567 Sustinet,
478 1497 508 1548 et
530 1489 624 1565 pietas
647 1487 828 1549 dissimulata
852 1496 950 1570 patet3

253 1576 419 1656 Osculaque
442 1575 583 1654 adplicuit
605 1578 701 1654 posito
723 1594 863 1655 suprema
884 1578 1015 1657 feretro,

298 1667 392 1742 Atque
416 1667 457 1724 eit
480 1660 584 1723 ‘invito
608 1665 700 1725 irater
723 1664 880 1744 adempte,
903 1660 1001 1727 valel'

255 1752 455 1829 [Arsurosque
479 1760 561 1812 artus
585 1754 690 1813 unxit.
730 1753 851 1831 iecere,
875 1752 954 1832 quod
978 1752 1046 1833 ille,

298 1839 456 1900 Faustulus
479 1849 509 1899 et
532 1849 657 1900 maestas
680 1840 757 1900 Acca
780 1840 875 1901 soluta
898 1858 1014 1902 comas.

188 1929 329 1989 855Τοιο
352 1930 487 1987 iuvenem
512 1927 641 1988 nondum
665 1927 735 1988 lacti
756 1927 864 1988 llerere
888 1928 1038 1999 Quirites,

297 2016 404 2075 Ultima
427 2014 540 2093 plorato
565 2015 681 2075 subdita
705 2015 819 2075 ilamnra
843 2034 915 2095 rogo
938 2014 1018 2094 est]

254 2103 331 2164 Urbs
354 2105 501 2162 oritur-
522 2106 588 2182 quis
612 2111 683 2164 tono
703 2103 758 2164 hoc
777 2103 829 2164 ulli
852 2105 977 2165 credere
995 2099 1149 2184 posset?-

297 2189 444 2250 Victorem
469 2193 557 2251 terris
580 2193 753 2270 impositura
776 2191 899 2270 pedem.

254 2279 365 2340 Cuncta
388 2296 496 2357 regas,
519 2287 549 2338 et
572 2281 612 2339 sis
637 2297 740 2358 magno
764 2278 819 2339 sub
843 2279 968 2341 Caesare
992 2298 1120 2360 semper,

188 2380 239 2428 800
299 2366 391 2444 Saepe
416 2369 503 2427 etiam
527 2366 628 2444 plures
651 2369 778 2427 nominis
801 2367 890 2428 liuius
913 2367 1006 2429 habe.

255 2455 305 2533 [Et
329 2457 465 2533 quotiens
488 2456 606 2514 steteris
629 2454 740 2515 domito
763 2454 897 2516 sublimis
920 2457 952 2517 lu
976 2455 1068 2537 orbe,

254 2589 256 2592 >
289 2543 400 2604 'Orunia
425 2545 484 2603 sint
506 2544 618 2602 umeris
640 2544 781 2603 inferiora
803 2542 893 2621 tuis]

433 2681 484 2744 22.
507 2679 583 2744 HN
633 2680 684 2744 23.
708 2678 913 2744 nvllo-N)

255 2806 335 2865 Dicta
359 2805 443 2865 Pales
466 2806 572 2866 nobis.
613 2793 701 2866 idem'¹
715 2804 825 2866 Vinalia
848 2807 961 2868 dicam.
1110 2812 1148 2865 llll

298 2892 360 2952 Una
383 2902 480 2953 tamen
505 2895 599 2954 media
623 2902 668 2955 est
690 2896 768 2955 inter
791 2902 949 2974 utramque
973 2894 1055 2958 dies.

189 2994 240 3043 885
255 2982 381 3041 Numina
404 2980 536 3058 volgares
559 2981 683 3042 Veneris
706 2980 852 3042 celebrate
875 2981 1014 3061 puellae!

298 3069 389 3129 Multa
412 3069 611 3146 professarum
636 3068 807 3149 quaestibus
831 3079 897 3149 apta
920 3068 1041 3132 Venus.

254 3158 370 3218 Poscite
394 3166 461 3217 ture
485 3156 552 3218 dato
576 3159 699 3220 formam
722 3158 882 3238 populique
906 3158 1058 3240 favorem,

298 3247 415 3306 Poscite
438 3245 593 3306 blanditias
617 3246 761 3325 dignaque
786 3244 873 3306 verba
896 3247 981 3308 ioco.

256 3333 389 3411 Cumque
412 3351 465 3394 soa
488 3334 622 3394 dominae
645 3334 712 3394 date
735 3342 817 3412 grate
839 3333 997 3414 sisymbria
1022 3342 1113 3416 myrto

190 3431 241 3480 850
300 3421 448 3499 Tectaque
473 3423 635 3499 composita
657 3423 762 3481 iuncea
784 3423 879 3483 vincla
901 3440 988 3484 rosa.

256 3506 377 3586 Templa
400 3508 582 3587 frequentari
605 3507 733 3569 Collinae
756 3512 888 3588 proxima
912 3520 1020 3588 portae
