2386 3892
91 169 158 225 VIII

92 355 145 411 per
169 354 199 394 88
224 335 398 411 suspiciosa,
426 336 476 393 vel
499 353 517 393 a
539 335 625 393 libris
648 335 782 394 convicta
805 337 916 411 essent,
939 336 1101 413 interpola·

92 424 182 483 tionis
205 442 315 502 genera
338 422 491 499 quaedam,
515 426 629 483 aetates
653 422 736 499 adeo,
758 422 790 480 in
812 423 1103 500 Metamorphosibus

5 537 11 546 ·
93 512 232 587 maxime,
261 512 488 588 indagarentur,
515 511 547 569 id
574 511 652 586 quod
680 511 718 570 ad
744 511 890 586 liquidum
913 513 1101 587 exploratum

94 619 233 675 umquam
260 599 297 657 iri
323 599 458 674 profecto
487 599 550 674 spei
576 599 732 657 minimum
760 601 833 658 erat.
887 601 1008 676 gravius
1032 600 1100 674 fuit,

94 688 172 764 quod
200 688 254 746 sub
282 688 360 746 idem
388 690 506 762 tempus
534 688 668 763 quaestio
691 688 744 746 illa
766 690 913 763 perpetua
934 688 1102 748 Horatiana

94 776 132 834 ad
151 774 290 836 Ovidium
313 776 508 851 permanavit,
531 793 590 850 qua
612 776 660 835 vel
684 775 746 834 sine
769 775 854 834 libris
876 776 953 836 ratio
973 780 1004 836 et
1022 776 1101 852 quod

93 867 213 939 oportet
236 867 400 940 spectatur,
424 864 483 923 loci
506 864 664 938 ampliores
687 883 776 939 quam
799 864 878 938 apud
901 863 1101 924 Schraderum

93 952 285 1027 damnantur,
313 952 393 1027 qnod
421 952 458 1010 ad
486 951 645 1011 sollicitam
672 951 753 1011 illius
776 951 954 1011 industriam
976 953 1102 1012 interior

92 1041 135 1099 rei
162 1041 296 1116 poeticae
323 1039 523 1116 intelligentia
549 1039 671 1099 accedit.
724 1058 820 1115 neque
852 1041 942 1098 aliam
973 1042 1011 1101 ob
1034 1060 1095 1099 rem

93 1129 139 1187 vir
162 1129 287 1187 eximius
310 1128 491 1187 Horatianae
516 1128 589 1187 artis
613 1131 756 1187 stateram
779 1127 959 1187 Heroidibus
981 1129 1099 1204 potissi·

93 1237 173 1275 mum
202 1217 347 1291 admovit,
380 1235 469 1292 qnam
501 1215 579 1291 quod
607 1216 638 1273 in
665 1235 699 1275 eo
729 1233 838 1292 genere
871 1218 1042 1292 argumenti
1070 1221 1101 1277 et

92 1305 339 1365 lineamentorum
363 1304 512 1380 quandam
535 1303 837 1378 circumscriptionem
856 1308 887 1363 et
904 1323 1040 1363 normam
1057 1307 1100 1365 ri-

93 1394 146 1468 dit,
169 1394 253 1454 velut
276 1393 349 1452 artis
372 1391 572 1466 Praxiteleae',
597 1396 675 1451 certe
699 1394 788 1466 paulo
812 1393 888 1451 alius
912 1393 993 1451 modi
1011 1412 1100 1469 quam

95 1482 322 1557 ethologiarum,
346 1481 547 1556 quaeserunt,
571 1480 798 1538 rhetoricarum:
821 1480 901 1556 quod
914 1485 1021 1556 poetae
1035 1501 1100 1557 pro-

92 1571 222 1643 positum
247 1569 272 1627 si
294 1571 409 1643 teneas,
437 1567 683 1626 intersiticiorum
711 1566 881 1627 discrimina
904 1570 1099 1644 apparebunt.

95 1657 185 1731 digna
217 1655 415 1714 admiratione
448 1674 483 1714 ea
510 1655 628 1713 Lehrsii
660 1655 821 1730 disputatio
854 1659 884 1716 et
915 1676 991 1731 quae
1019 1677 1101 1718 reve-

92 1747 194 1802 renter
221 1744 382 1819 habeatur,
410 1743 463 1802 sed
490 1761 578 1819 aegro
606 1743 780 1803 facultatem
810 1744 902 1802 habet
928 1744 959 1803 ln
982 1745 1101 1820 scriptis

93 1851 111 1890 a
143 1835 232 1907 poeta
264 1831 387 1890 rudibus
415 1835 446 1891 et
472 1832 655 1907 imperfectis
683 1832 795 1891 relictis
828 1836 881 1891 aut
912 1833 949 1890 ab
978 1837 1043 1893 arte
1071 1836 1101 1891 et

93 1920 242 1979 limatiore
265 1937 336 1978 eura
358 1919 422 1994 ipso
445 1919 602 1995 profitente
626 1919 743 1994 alicnis,
773 1919 855 1978 cuius
877 1920 959 1978 modi
981 1924 1101 1996 praeter

92 2007 221 2083 primum
244 2008 383 2067 volumen
406 2011 476 2065 sunt
498 2008 604 2067 omnia.
683 2016 686 2023 '

183 2095 306 2154 Accedit
337 2112 414 2153 nunc
446 2096 523 2171 quod
555 2114 630 2171 quae
660 2096 691 2152 ln
717 2095 764 2154 his
792 2096 1035 2172 requirebantur,
1068 2102 1101 2156 ut

93 2185 226 2242 locorum
249 2183 445 2242 insiticiorum
467 2182 597 2242 ambitus
617 2186 647 2242 et
665 2183 844 2259 terminatio,
868 2187 902 2243 ut
925 2185 1008 2261 origo
1027 2185 1111 2244 mul-'

93 2272 195 2346 tiplex,
214 2274 249 2330 nt
266 2272 387 2346 praeter
404 2271 492 2329 nimis
510 2272 669 2330 manifesta
683 2271 743 2330 alia
757 2290 872 2348 quoque
887 2272 1099 2348 indicarentur,

95 2379 129 2417 ea
148 2363 268 2434 praesto
288 2362 357 2417 sunt
371 2359 450 2417 inter
464 2360 547 2418 tertii
561 2359 718 2420 voluminis
733 2360 826 2434 dotes,
849 2360 995 2419 librorum
1012 2361 1099 2421 bene·

93 2447 157 2505 ficio
191 2451 223 2507 et
251 2447 420 2507 adiumento
452 2447 517 2524 illo,
549 2448 585 2506 de
612 2467 670 2523 quo
700 2447 861 2506 indicatum
891 2467 981 2523 supra
1013 2453 1045 2508 et
1071 2451 1100 2507 in

92 2535 234 2612 proximis
254 2537 465 2611 exponendum.
520 2537 608 2594 erunt
625 2535 762 2609 fortasse,
785 2553 860 2611 quae
884 2535 922 2594 ad
940 2537 1099 2597 Metamor-

93 2624 201 2698 phoses
225 2627 279 2683 aut
302 2625 361 2684 alia
383 2623 561 2698 reciprocari
583 2623 710 2697 possiut:
735 2623 839 2682 codem
863 2642 920 2698 quo
939 2625 1001 2683 illic
1021 2628 1052 2684 ct
1070 2626 1100 2684 in

93 2709 275 2769 Heroidibus
298 2712 362 2770 loco
385 2711 549 2769 manebunt
571 2713 697 2784 tantum,
721 2730 795 2787 quae
819 2714 920 2787 partes
943 2715 1013 2771 ante
1037 2732 1100 2772 sae·

94 2799 194 2858 culum
217 2798 353 2874 quintum
377 2798 509 2857 adiectae
534 2800 611 2873 sunt,
635 2798 671 2856 de
694 2799 801 2874 quibus
824 2799 982 2875 utrobique
1005 2801 1101 2860 Hora-

93 2887 189 2961 tiana,
213 2905 302 2961 quam
325 2885 422 2944 dicere
445 2886 542 2961 lubet,
566 2886 779 2961 disceptatione
803 2905 877 2962 opus
901 2888 967 2950 erit

182 2933 243 3033 'sed
266 2973 340 3033 satis
362 2992 430 3032 raro
453 2973 508 3032 hoc
531 2992 586 3033 usu
609 2974 709 3035 veniet
729 2977 940 3074 praeterquam
958 2977 988 3034 in
1007 2976 1101 3051 Ibide,

95 3064 174 3138 quod
197 3062 372 3138 opusculum
395 3040 632 3137 interpolationis
656 3062 852 3162 suspicionem
874 3082 966 3139 prope
989 3065 1100 3124 nemim

94 3152 187 3210 movit
223 3153 342 3226 practer
374 3149 415 3209 Io.
449 3148 654 3208 Schraderum.
709 3149 735 3209 is
771 3151 802 3209 in
833 3144 981 3210 Emendat
968 3152 1100 3213 tionibus

95 3242 125 3298 et
155 3238 269 3298 schedis
296 3236 479 3315 idiographis
506 3255 589 3295 more
616 3256 685 3311 suo,
713 3238 823 3298 omissa
850 3257 950 3297 rerum
973 3240 1101 3300 aliarum

95 3345 232 3400 censura,
270 3345 345 3401 quae
377 3318 560 3401 inelegantia
591 3328 622 3383 et
653 3325 815 3403 incongrua
846 3327 989 3403 putabat,
1027 3330 1100 3388 satis

93 3415 190 3473 multa
212 3414 335 3473 notavit.
390 3413 535 3490 quaedam
566 3413 701 3472 versibus
724 3414 913 3488 transpositis
937 3417 1010 3475 satis
1034 3436 1100 3493 ope-

93 3520 160 3562 rose
192 3501 398 3578 concinnabat,
431 3501 483 3561 sed
515 3501 635 3578 egregIe
667 3503 697 3560 et
724 3502 858 3577 adposite
886 3503 952 3578 hos,
987 3507 1029 3565 34
1058 3507 1098 3565 37
